1936 3224
281 235 307 274 6
871 242 1074 272 msromA

280 356 422 408 clesia,
453 361 548 412 post
574 354 703 397 Male.
739 356 914 410 primam
944 352 1206 396 donationem
1243 351 1484 402 instaurata,
1522 350 1683 394 Sancti-

280 431 477 474 moniales
528 444 579 472 ex
626 428 888 471 Professione
931 430 974 472 S.
1020 427 1325 483 Rhadegundis
1375 427 1500 483 vulgo
1546 426 1684 470 vocari

283 504 495 561 coeperint.

340 578 452 621 Haec
487 578 521 620 si
553 577 707 620 leviora
742 578 947 630 videntur,
985 591 1079 633 quae
1118 582 1253 618 tamen
1287 590 1362 617 suo
1392 573 1576 630 pondere
1605 587 1684 615 non

284 656 439 702 carent,
474 650 578 694 illud
601 650 745 693 saltem
762 650 932 707 aliquod
950 650 1145 693 momenti
1161 648 1304 700 habet,
1323 648 1437 703 quod
1451 650 1685 704 proximum

282 726 509 770 notandum
543 727 668 769 venit.
730 726 848 768 Guil.
871 724 1106 768 Monachus
1130 722 1369 774 Aurifaber,
1400 728 1530 764 terras
1561 734 1684 778 quas-

285 800 381 842 dam
402 800 514 856 apud
536 800 731 843 Shelford
752 800 999 843 monialibus
1020 799 1074 841 de
1090 796 1395 852 Grantbridge,
1418 795 1528 838 dono
1548 795 1684 847 dedit,

287 879 329 916 et
358 873 435 916 sub
476 873 597 916 titulo
627 874 793 929 quidem
825 872 1057 916 Monalium
1088 872 1142 914 de
1173 870 1460 926 Grantbridge
1488 869 1610 913 titulo
1640 870 1684 914 S.

288 946 592 1002 Rhadegundis
607 947 846 1002 neutiquam
863 947 1022 989 addito.
1066 945 1220 988 Iisdem
1240 958 1405 1000 quoque
1425 942 1686 994 monialibus,

285 1028 327 1063 et
344 1021 546 1077 praedicto
566 1021 689 1064 titulo
709 1021 832 1064 etiam
854 1020 1073 1076 insignitiS,
1096 1018 1354 1061 Honoratiss.
1370 1015 1555 1059 Domina
1575 1013 1686 1059 Con·

287 1097 436 1139 stantia
473 1096 582 1139 Filia
614 1096 819 1139 Ludovici
849 1095 990 1139 Crassi
1031 1094 1251 1137 Gallorum
1282 1092 1431 1147 Regis,
1463 1090 1688 1134 comitissa

285 1169 572 1222 Bononiensis,
594 1185 700 1212 uxor
715 1170 934 1213 Eustachii
951 1167 1214 1225 primogeniti
1237 1165 1438 1222 Stephani
1455 1163 1688 1220 Anglorum

286 1244 418 1300 Regis
440 1244 529 1296 filii,
552 1246 671 1301 aquis
690 1245 882 1296 immersi,
903 1245 1104 1288 concessit
1120 1250 1251 1286 totum
1268 1243 1336 1296 jus
1357 1241 1575 1298 piscaturae
1592 1253 1687 1295 quae

289 1318 343 1360 ad
364 1318 524 1375 Burgh.
545 1319 743 1363 cantabr.
766 1319 976 1376 pertinuit.

348 1392 581 1448 Utramque
611 1397 747 1436 autem
785 1393 1064 1442 donationem,
1096 1396 1179 1433 tam
1212 1390 1325 1432 illam
1346 1387 1465 1431 Guil.
1488 1385 1688 1429 Monachi

291 1465 523 1519 Aurifabri,
555 1482 679 1523 quam
710 1466 814 1509 hanc
835 1465 1095 1510 Constantiae
1118 1464 1369 1513 Comitissae,
1392 1461 1540 1503 factam
1562 1459 1690 1502 fuisse

290 1548 383 1584 ante
399 1541 615 1584 Malcolmi
633 1541 931 1592 fundationem,
948 1547 1064 1582 extra
1079 1554 1238 1582 omnem
1257 1536 1542 1580 controversiae
1557 1534 1689 1577 aleam

291 1615 472 1671 positum
493 1622 566 1658 est.
628 1616 817 1671 Utraque
838 1615 997 1671 quippe
1018 1629 1093 1670 per
1115 1612 1371 1669 Stephanum
1402 1609 1563 1665 Regem
1593 1622 1688 1650 con-

296 1689 454 1732 firmata
492 1689 596 1742 fuit3
647 1690 719 1745 qui
757 1689 929 1745 quidem
970 1688 1065 1730 Rex
1106 1686 1344 1742 Stephanus
1393 1683 1540 1726 eodem
1584 1696 1689 1724 anno

296 1777 468 1818 regnare
490 1762 614 1805 desiit
634 1777 717 1818 quo
739 1762 991 1804 Malcolmus
1008 1760 1176 1816 incepit.
1229 1759 1364 1802 Simul
1381 1758 1519 1812 itaque
1538 1755 1689 1812 proba-

293 1835 426 1877 vimus
446 1835 615 1877 domum
637 1834 874 1877 monialium
896 1842 989 1876 ante
1010 1832 1291 1875 fundationem
1314 1828 1442 1873 Male.
1463 1843 1544 1870 non
1565 1826 1690 1869 modo

295 1916 569 1952 constructam
589 1909 728 1960 fuisse,
752 1923 890 1950 verum
911 1908 1034 1950 etiam
1057 1912 1099 1948 et
1120 1907 1316 1948 dotatam.

352 1983 567 2033 Quamdiu
589 1998 684 2026 vero
706 1988 799 2025 ante
820 1981 951 2024 Male.
968 1989 1154 2036 tempore
1176 1980 1323 2021 domus
1338 1979 1429 2020 haec
1442 1974 1691 2019 Monialium

296 2056 375 2099 fuit
394 2058 632 2108 instaurata,
654 2072 759 2099 anno
780 2056 888 2097 1133
909 2071 933 2096 a
954 2053 1122 2097 Fullero
1151 2054 1374 2103 nominato,
1400 2066 1449 2093 an
1471 2055 1565 2092 ante
1585 2046 1691 2090 illud

297 2139 473 2188 tempus,
495 2147 574 2174 non
594 2130 730 2173 habeo
756 2129 868 2186 quod
891 2128 1088 2171 audacter
1103 2127 1266 2179 dicam3
1298 2123 1414 2182 quod
1429 2130 1566 2166 autem
1582 2121 1691 2165 circa

292 2205 399 2248 illud
419 2212 582 2261 tempus
602 2204 790 2260 contigit,
809 2203 928 2246 unica
948 2218 1072 2259 quam
1090 2201 1250 2258 inspexi
1265 2206 1377 2243 carta
1391 2195 1690 2253 aliquantulum

298 2279 471 2322 suadere
492 2279 669 2331 videtur,
690 2293 827 2321 verum
850 2293 929 2320 non
951 2283 992 2319 et
1012 2291 1179 2333 prorsus
1199 2273 1458 2332 persuadere.

352 2354 481 2397 Carta
515 2362 652 2395 autem
689 2359 776 2395 erat
811 2351 990 2408 Nigelli,
1024 2352 1066 2394 in
1102 2356 1184 2406 qua
1219 2346 1409 2392 concedit
1437 2352 1556 2388 terrae
1596 2358 1690 2401 por-

298 2428 449 2470 tionem
480 2426 860 2470 sanctimonialibus
887 2427 1010 2479 juxta
1046 2422 1237 2466 cellulam
1270 2427 1388 2464 extra
1416 2418 1554 2461 villam
1581 2418 1690 2460 Can·

296 2501 400 2544 tabr.
432 2502 589 2543 noviter
618 2500 858 2543 institutam.
920 2500 1046 2542 Hanc
1076 2497 1337 2540 donationem
1364 2492 1525 2550 Nigelli
1546 2492 1690 2534 confir-

296 2574 464 2616 mabant
507 2573 628 2616 Prior
668 2573 803 2616 Elien.
853 2579 894 2614 et
945 2573 1182 2615 Conventus
1232 2569 1418 2624 ejusdem
1477 2565 1689 2617 Ecclesiae,

297 2647 543 2690 monialibus
577 2646 736 2689 cellulae
771 2652 886 2688 extra
923 2645 1062 2687 villam
1094 2643 1290 2687 Cantabr.
1322 2641 1480 2683 noviter
1511 2653 1691 2682 commo-

295 2721 490 2763 rantibus.
544 2719 738 2775 Nigellus
762 2724 899 2760 autem
919 2725 1008 2760 erat
1029 2717 1173 2774 Episc.
1197 2715 1333 2758 Elien.
1357 2713 1456 2765 2⁶⁰⁸,
1477 2719 1519 2755 et
1537 2727 1587 2755 eo
1602 2711 1691 2767 ipso

296 2810 401 2836 anno
422 2800 696 2844 consecratus,
719 2807 842 2848 quem
863 2792 987 2845 hujus
1009 2789 1169 2833 cellulae
1197 2788 1443 2840 fundationi,
1470 2802 1545 2844 per
1560 2785 1689 2829 Male.

297 2871 430 2920 factae,
462 2869 639 2923 assignat
675 2866 880 2913 muneras,
912 2865 988 2907 viz.
1021 2880 1126 2907 anno
1162 2864 1285 2914 1133,
1321 2862 1425 2904 Maii
1456 2876 1584 2904 mens·
1620 2861 1690 2902 28.
