1936 3224
340 226 396 267 30
926 239 1127 267 Ηιετοκιᾼ

341 346 426 378 Edv.
438 345 706 386 Hawsord,bujus
719 345 849 386 collegii
859 345 1022 382 alumnum
1055 346 1233 379 Nicholaua
1247 348 1349 385 Cook,
1364 348 1520 390 armiger.

385 415 462 436 mox
478 411 587 436 custos
609 404 741 446 collegii
757 404 890 435 Christi.
910 443 944 464 >w
1052 408 1196 439 Joannes
1213 407 1392 446 Twickten,
1410 409 1525 440 S.T.B.
1543 408 1660 441 socius.

342 467 437 498 Edm.
457 466 637 508 Pierpnint,
653 471 762 496 custos
778 465 852 494 sstus.
1053 467 1165 508 Steph.
1186 467 1273 505 Hall,
1292 468 1404 499 S.T.B.
1422 468 1610 510 praesidens.

338 528 406 558 Jos.
425 526 575 558 Randall.
595 526 709 557 LL.D.
728 526 848 557 socius.
1055 527 1195 558 Domina
1218 528 1345 559 Joanna
1369 528 1494 560 Bowles
1510 529 1550 560 de
1566 522 1745 561 Orienmls

337 588 475 619 Carolus
494 587 651 625 BeHasin,
672 587 783 618 LL.D.
800 587 917 618 socius.
1098 587 1184 618 Ham
1202 587 1236 618 in
1255 588 1399 619 Essexia

340 647 479 679 Lionell.
499 647 641 685 Ducket,
659 647 777 679 S.T.B.
794 647 912 679 socius.
1053 647 1140 678 Guil.
1175 647 1304 679 Fairfax
1339 648 1426 680 Hon.
1456 648 1581 680 domini
1614 648 1730 680 Fen-di·

340 710 502 742 Ricardus
517 710 713 751 Gascoigne,
728 719 915 750 generosus.
1096 708 1195 739 nandi
1234 708 1434 740 vicecomitis
1470 708 1603 741 Fairfax
1631 709 1733 742 frater

341 771 508 802 Henricus
528 771 669 807 Hutton,
690 769 806 800 S.T.B.
823 769 939 800 socius.
1094 779 1279 810 germanuS,
1297 769 1472 801 canonicus
1490 770 1716 802 Eboracensis.

338 832 427 864 Guil.
447 831 693 874 Wrigleswood,
711 823 804 862 AM.
1052 829 1194 859 Joannes
1214 826 1347 864 Martia,
1365 826 1456 858 AM.
1471 827 1588 859 socius.

394 937 586 981 Ecclesia
609 936 856 992 parochialis
877 937 920 979 S.
941 934 1215 989 Radegundis
1237 933 1365 988 figura
1387 932 1615 975 cathedrali
1634 948 1732 976 con-

336 1018 510 1062 structa,
533 1018 573 1053 et
595 1010 745 1052 nomini
767 1009 869 1052 Jesu
890 1010 1043 1059 dicata,
1063 1007 1239 1063 collegio
1259 1007 1363 1050 Jesu
1394 1007 1502 1049 circa
1527 1021 1591 1049 an.
1622 1007 1725 1050 1291

339 1092 427 1127 erat
448 1085 733 1140 impropriata,
750 1091 792 1125 et
811 1083 1003 1125 coenobio
1027 1082 1065 1124 in
1088 1081 1305 1137 collegium
1322 1096 1451 1127 verso.
1472 1080 1512 1123 in
1536 1079 1730 1123 sacellum

337 1160 503 1216 collegii
534 1160 749 1202 destinata.
810 1158 859 1201 In
889 1173 972 1214 quo
1011 1166 1104 1200 ante
1137 1163 1322 1213 tempora
1357 1156 1465 1199 Edv.
1501 1157 1550 1199 6ti
1580 1161 1733 1212 proeter

336 1250 537 1277 summum
568 1234 695 1276 altare
722 1233 894 1284 domini,
916 1231 1031 1275 aliud
1059 1237 1147 1274 erat
1179 1246 1230 1273 ex
1261 1229 1399 1272 sacelli
1430 1238 1548 1286 parte
1574 1229 1730 1273 boreali

337 1310 381 1353 S·
397 1308 652 1359 Catharinae,
674 1306 788 1349 aliud
809 1322 858 1348 ex
881 1313 997 1363 parte
1019 1305 1186 1348 australi
1202 1305 1246 1348 S.
1264 1304 1514 1360 Margaretae
1529 1303 1729 1356 dicatum,

336 1398 459 1439 super
491 1382 642 1438 quibus
663 1381 805 1424 missas
831 1381 871 1423 in
901 1380 1087 1436 exequiis
1118 1379 1420 1422 benefactorum
1451 1377 1728 1422 celebrabant.

335 1456 476 1500 Etiam
499 1463 540 1499 et
560 1463 653 1513 post
674 1455 744 1498 illa
766 1464 967 1511 tempora,
991 1454 1092 1497 dicti
1115 1453 1254 1496 sacelli
1275 1453 1472 1495 fenestras
1501 1452 1728 1496 beatissimi

336 1531 577 1582 salvatoris,
615 1531 666 1573 Β.
703 1530 852 1572 Mariae
885 1529 1068 1584 virginis,
1105 1529 1148 1571 S.
1191 1526 1505 1584 Apostolorum,
1539 1525 1728 1579 Patrum,

335 1605 461 1648 totius
482 1605 606 1647 etiam
628 1604 871 1647 hierarchiae
893 1602 1090 1659 angelicae
1111 1602 1283 1657 effigies,
1315 1601 1418 1644 miro
1446 1599 1622 1644 artificio
1641 1599 1726 1643 ela-

336 1679 492 1721 boratae
512 1679 724 1721 ornabant.

390 1754 537 1798 Altare
559 1753 729 1796 Domini
757 1752 975 1808 magnifico
997 1756 1198 1807 apparatu
1225 1750 1464 1807 splenduit;
1503 1755 1636 1792 totum
1653 1749 1726 1792 de-

333 1828 458 1884 nique
478 1827 672 1870 sacellum
693 1827 811 1870 locus
845 1842 924 1869 non
946 1825 1142 1882 indignus
1163 1825 1395 1875 videbatur,
1426 1824 1468 1867 in
1491 1838 1576 1879 quo
1596 1823 1728 1867 sancti

333 1901 566 1944 sacerdotes
601 1916 760 1943 summo
790 1899 945 1942 numini
979 1899 1156 1942 litarent.
1218 1898 1372 1942 Verum
1403 1898 1595 1941 intestino
1615 1897 1727 1942 bello

332 1990 464 2032 nuper
483 1982 590 2027 orto,
611 1981 652 2017 et
672 1974 896 2017 rebellione
915 1974 1123 2026 saeviente‚
1143 1988 1247 2016 nova
1266 1987 1400 2015 rerum
1420 1972 1632 2024 successit,
1651 1972 1727 2015 sed

332 2048 454 2104 longe
476 2048 758 2104 indignissima
777 2048 915 2091 facies.
976 2047 1130 2091 Omnia
1157 2046 1346 2089 utensilia
1375 2060 1489 2088 sacra
1524 2045 1565 2088 in
1591 2045 1725 2102 spolia

332 2122 486 2179 opima,
528 2122 735 2176 totiusque
775 2120 916 2163 sacelli
950 2127 1173 2177 apparatus
1210 2119 1421 2174 sacrilegis
1454 2119 1500 2181 ¹in
1539 2119 1725 2175 praedam

331 2211 502 2240 cessere.
561 2195 672 2238 Vero
705 2195 846 2237 reduci
867 2194 1048 2246 demum,
1084 2208 1177 2236 cum
1207 2193 1315 2236 bono
1334 2192 1446 2242 Deo,
1467 2193 1725 2237 serenissimo

331 2285 429 2326 rege
459 2269 611 2312 Carolo
638 2270 717 2317 2⁶⁰,
751 2276 793 2311 et
825 2267 1105 2323 redintegrata
1133 2267 1318 2314 ecclesia.
1356 2265 1521 2322 templis
1553 2281 1649 2309 mox
1681 2273 1726 2310 et

330 2343 570 2401 proseuchis
590 2358 687 2385 suus
703 2357 869 2398 quoque
889 2342 1020 2384 honor
1038 2341 1341 2385 restituebatur.
1392 2339 1547 2382 Diruta
1567 2340 1723 2384 domini

331 2417 476 2459 altaria
497 2417 784 2466 instaurantur,
806 2430 944 2457 mensa
964 2429 1078 2456 sacra
1098 2414 1249 2456 decoro
1283 2417 1484 2469 apparata
1513 2413 1720 2465 sternitur,

330 2490 647 2546 peripetasuatis
682 2488 1020 2540 circumducitur,
1054 2489 1108 2530 de
1147 2487 1299 2530 auratis
1340 2486 1508 2528 crateris
1539 2492 1719 2540 ornatur,

324 2564 428 2619 juge
457 2562 700 2606 sacrificium
731 2562 923 2605 offertur:
975 2561 1103 2605 divini
1145 2561 1325 2616 denique
1364 2559 1541 2602 nominis
1578 2559 1720 2602 laudes

329 2651 573 2692 organorum
623 2636 976 2693 pneumaticorum
1026 2634 1308 2677 modulatione
1367 2631 1553 2688 undique
1611 2647 1720 2676 reso·

330 2717 487 2753 nantur.

387 2785 498 2828 Haec
517 2791 653 2826 autem
690 2783 826 2826 omnia
846 2782 1065 2839 collegium
1095 2782 1214 2833 Jesu,
1235 2796 1312 2823 non
1344 2780 1545 2824 exhausto
1574 2781 1719 2825 aerario

329 2858 470 2909 debet,
492 2857 566 2900 sed
597 2857 691 2900 filiis
719 2862 761 2899 et
787 2856 960 2899 alumnis
981 2855 1257 2913 pientissimis,
1288 2854 1359 2909 qui
1391 2854 1432 2896 in
1461 2854 1717 2911 paupertinae
