1936 3224
273 243 300 282 4
879 258 1089 287 meream

279 365 379 407 Hac
403 372 539 408 autem
568 365 835 421 expeditione
866 373 1033 423 peracta
1053 369 1162 412 circa
1183 385 1246 413 an.
1281 370 1391 413 1158
1426 371 1466 413 in
1502 370 1678 427 patriam

279 439 419 489 rediit,
434 439 504 481 ubi
528 439 690 481 turbata
707 439 984 495 deprehendit
998 442 1147 485 omnia.
1176 442 1330 485 Verum
1347 444 1470 486 rebus
1482 444 1592 487 circa
1612 459 1675 487 an.

285 517 296 556 1
316 514 443 555 163111
464 514 607 555 melius
621 515 762 565 versis,
777 516 1014 571 compositis
1032 517 1143 558 domi
1160 517 1399 572 pacatisque
1417 517 1677 560 subditorum

282 587 440 638 animis,
466 602 642 641 cumque
662 588 767 628 foras
787 603 868 643 pax
891 596 1011 637 esset,
1035 590 1088 631 ad
1111 596 1217 631 artes
1239 592 1363 644 (quas
1384 591 1498 634 scoti
1519 591 1678 633 dudum

282 662 545 712 dedicet-unt)
581 661 709 702 avitas
745 664 809 714 (nt
846 663 980 704 verbis
1014 663 1198 706 Buchan.
1238 669 1347 716 utar)
1385 665 1438 706 ad
1474 679 1678 707 sacrarum

283 736 435 777 aedium
470 737 745 778 extructiones
780 744 821 778 et
860 738 901 779 in
935 738 1156 779 monachos
1189 738 1427 792 largitiones
1461 753 1548 781 sese
1583 753 1679 782 eon-

282 811 389 853 tulit.

341 884 460 934 Quas
495 892 629 928 autern
663 886 774 928 aedes
808 886 1023 940 religiosas
1071 886 1298 928 construxit
1328 885 1457 928 Male.
1491 885 1677 931 Buehan.

286 959 367 1011 (vir
402 975 498 1014 erga
537 959 769 1002 istiusmodi
808 959 920 1001 aedes
960 959 1065 1000 male
1104 963 1324 1014 animatus)
1360 975 1438 1001 non
1483 959 1678 1003 meminit.

286 1033 543 1075 Hovedenus
563 1042 715 1084 autem,
738 1049 777 1089 p.
801 1035 900 1085 2⁵32,
923 1034 1100 1075 abatiam
1119 1033 1172 1075 de
1190 1034 1331 1088 Cupre
1353 1033 1405 1074 ab
1420 1033 1510 1088 ipso
1528 1034 1680 1076 instau-

285 1115 414 1149 ratam
446 1124 507 1149 an.
548 1108 655 1150 1164
687 1109 810 1150 fnisse
841 1109 994 1150 diserte
1025 1118 1171 1149 narrat.
1246 1108 1302 1150 Et
1332 1109 1440 1149 circa
1471 1106 1579 1148 hunc
1613 1122 1678 1150 an.

286 1199 454 1239 qnoque
475 1183 711 1226 Prioratum
737 1186 780 1228 S.
807 1184 916 1226 Rad.
942 1185 1120 1240 positum
1153 1184 1291 1234 fuisse,
1323 1198 1374 1224 ex
1406 1183 1529 1225 dictis
1560 1183 1681 1225 facile

285 1264 520 1309 statuerem,
553 1259 630 1300 nisi
664 1258 778 1314 qnod
819 1259 924 1300 inter
964 1258 1147 1300 Archiva
1182 1257 1276 1300 coll.
1322 1257 1480 1314 inspexi
1527 1266 1681 1300 cartam

287 1331 521 1374 Theobaldi
555 1332 769 1388 Archiepi.
802 1332 923 1374 Cant.
955 1334 1026 1382 37,
1063 1338 1140 1387 qua
1163 1331 1422 1373 donationem
1444 1331 1549 1373 hanc
1570 1331 1681 1374 Mal-

285 1405 406 1447 colmi
430 1406 654 1448 confirmat.
678 1405 951 1448 Theobaldus
974 1413 1110 1447 autem
1133 1421 1196 1448 an.
1221 1406 1345 1457 1160,
1367 1411 1540 1447 testante
1560 1405 1681 1448 God-

288 1479 407 1530 wino,
430 1479 513 1522 fato
534 1480 697 1521 functus
717 1485 790 1522 est.

345 1555 392 1598 Si
423 1555 564 1610 itaque
591 1555 826 1611 opinionem
862 1562 1041 1597 nostram
1071 1555 1252 1611 proferre
1280 1554 1404 1597 liceat
1432 1554 1524 1609 (ubi
1551 1555 1680 1612 scrip-

286 1641 396 1677 tores
436 1650 575 1677 omnes
615 1649 780 1690 prorsus
829 1634 986 1687 silent),
1019 1640 1154 1676 statuo
1202 1634 1376 1690 primam
1419 1633 1681 1676 donationem

288 1706 415 1751 Male.
450 1707 714 1750 monialibus.
736 1723 969 1750 concessam
1019 1708 1156 1762 (cujus
1195 1723 1319 1764 supra
1354 1706 1679 1762 meminerimus)

284 1788 379 1824 ante
410 1788 580 1824 mortem
614 1780 868 1831 Theobaldi‚
900 1781 1008 1823 circa
1037 1796 1102 1823 an.
1133 1781 1253 1832 1159,
1282 1780 1431 1823 factam
1466 1780 1606 1832 fuisse,
1640 1785 1682 1823 et

286 1855 437 1898 fortsan
475 1856 575 1897 dum
610 1855 663 1897 ab
699 1855 964 1911 expeditione
996 1854 1232 1898 Tholosana
1265 1855 1305 1897 in
1341 1854 1523 1898 Scotiam
1557 1853 1682 1896 rediit

285 1943 360 1985 per
382 1929 588 1984 Hunting.
652 1929 778 1970 Carta
798 1928 905 1971 enim
927 1943 1159 1984 quanquam
1190 1943 1269 1970 non
1299 1928 1409 1970 diem
1434 1925 1680 1977 donationis,

285 2002 421 2046 locum
444 2010 594 2053 tamen,
615 2018 764 2058 nempe
784 2002 1008 2058 Hunting.,
1031 2010 1157 2045 notat.

342 2077 469 2119 Hanc
489 2082 623 2118 autem
646 2076 907 2118 donationem
929 2078 1119 2132 primam,
1141 2082 1250 2120 carta
1278 2077 1342 2118 2¹¹⁸
1367 2074 1619 2118 confirmavit
1638 2082 1681 2117 et

284 2150 399 2192 auxit
420 2150 529 2192 circa
559 2165 642 2200 an„
675 2155 720 2191 ut
749 2149 911 2205 opinor,
940 2148 1054 2190 illum
1084 2149 1210 2200 1164,
1232 2164 1324 2191 cum
1354 2163 1503 2205 nempe
1531 2155 1680 2205 pacato

285 2240 420 2268 rerum
466 2231 588 2276 statu,
641 2223 795 2267 aedium
841 2239 942 2266 sacr.
989 2223 1287 2273 instaurationi,
1333 2223 1508 2266 testibus
1552 2222 1680 2279 scrip·

286 2299 445 2342 toribus
467 2298 696 2355 praedictis,
719 2313 761 2340 se
781 2303 913 2340 totum
934 2297 1174 2340 addixisset.
1227 2297 1296 2340 Ex
1317 2296 1566 2353 supradictis
1581 2310 1680 2351 ergo

286 2379 459 2424 constat,
492 2372 605 2428 quod
638 2372 890 2415 Coenobium
921 2372 965 2415 S.
994 2371 1108 2413 Rad.
1141 2386 1220 2413 non
1257 2377 1345 2413 erat
1375 2369 1509 2426 (quod
1537 2368 1681 2412 asserit

287 2446 499 2498 Fullerus)
539 2445 751 2488 conditum
787 2460 861 2502 per
902 2445 1030 2488 Male.
1068 2444 1225 2500 Regem
1262 2460 1324 2487 an.
1366 2444 1487 2495 1133,
1521 2442 1680 2500 quippe

287 2521 401 2577 quod
431 2537 481 2564 eo
511 2537 615 2564 anno
645 2521 741 2563 Rex
771 2536 850 2564 non
878 2521 970 2573 fuit,
1001 2521 1122 2564 etiam
1151 2527 1244 2563 ante
1268 2512 1419 2562 annum
1442 2519 1548 2560 1140
1568 2517 1679 2561 Mal-

285 2594 471 2636 columus
499 2610 581 2637 non
613 2594 704 2637 fuit.
766 2594 939 2636 Constat
970 2595 1150 2650 insuper,
1177 2594 1291 2650 quod
1318 2600 1411 2636 ante
1445 2593 1554 2635 1160
1588 2592 1678 2634 fun-

283 2668 426 2710 datum
457 2667 548 2718 fuit,
580 2668 738 2724 quippe
769 2668 881 2724 quod
916 2675 1010 2710 ante
1040 2668 1155 2710 illum
1185 2683 1248 2710 an.
1278 2682 1352 2723 per
1386 2664 1678 2708 Theobaldum

281 2741 563 2784 confirmatum
581 2740 743 2796 legitur.
796 2739 986 2794 Denique
1005 2741 1118 2796 quod
1138 2739 1324 2782 fundatio
1346 2739 1476 2782 Malo.
1499 2745 1592 2781 ante
1612 2753 1676 2780 an.

286 2815 395 2857 1160
417 2814 537 2862 sacta,
558 2829 637 2855 non
659 2818 770 2856 carta
791 2814 881 2868 ejus
902 2815 967 2854 2⁶⁸
987 2814 1224 2856 confirmata
1244 2812 1323 2855 fuit
1343 2820 1437 2855 ante
1455 2827 1519 2854 an.
1555 2811 1677 2854 1163.

282 2889 333 2931 Id
364 2887 439 2930 etsi
469 2902 549 2929 non
580 2887 686 2929 adeo
718 2892 891 2938 constat,
919 2902 971 2929 ex
1004 2888 1055 2929 iis
1086 2901 1179 2942 quae
1208 2887 1403 2938 diximus,
1427 2892 1560 2928 tamen
1583 2900 1677 2942 pro-

283 2960 424 3006 babile
445 2959 645 3004 videatur.
