1936 3224
324 205 374 246 12
906 219 1110 247 maroam

322 326 519 385 parochia
534 328 577 371 S.
587 327 906 384 Rhadegundis,
924 333 1135 383 terrasque
1145 328 1184 370 in
1199 330 1356 386 campis
1371 328 1583 386 praedictis
1598 343 1711 386 spar-

322 419 400 446 sas.
434 402 762 445 Advocationem
785 417 949 458 quoque
970 402 1024 444 de
1047 403 1313 459 Reymerson,
1337 410 1382 447 ut
1397 405 1558 461 opinor,
1579 403 1711 448 dedit.

377 477 457 519 Jus
504 476 694 533 perpetui
741 477 986 532 patronatus
1039 476 1224 519 rectoriae
1270 477 1472 520 Ecclesiae
1514 477 1712 521 Omnium

323 552 565 594 Sanctorum
590 550 787 593 Cantabr.
816 549 1159 602 sanctimoniales,
1186 566 1238 592 ex
1267 551 1377 594 dono
1402 551 1519 594 Guil.
1553 551 1712 604 Sfirmi,

323 622 561 679 possident3
593 623 811 665 tectorium
834 638 929 665 vero
951 621 1169 666 Galfridus
1199 624 1433 681 Episcopus
1460 625 1547 666 3⁸¹³⁸
1576 624 1715 669 Elien·

322 696 377 739 sis
397 696 655 753 appropriari
676 696 922 739 monialibus
940 697 1079 751 Jussit.

383 771 575 812 Rectoria
619 770 820 814 Ecclesiae
860 770 1107 827 parochialis
1142 772 1185 814 S.
1225 771 1526 827 Rhadegundis
1563 787 1714 829 appro-

322 844 456 900 priata
494 851 582 888 erat
616 844 860 887 monasterio
890 844 999 886 circa
1030 859 1096 886 an.
1133 845 1256 896 1291,
1290 848 1489 888 reservata
1521 846 1714 902 pensione

324 919 381 961 40
401 918 460 961 sh.
493 918 645 961 vicario
667 917 864 961 Omnium
886 919 1145 970 Sanctorum,
1176 934 1250 975 per
1271 919 1467 962 moniales
1496 920 1714 976 quotannis

322 990 531 1034 solvenda.
595 991 757 1034 Eodem
787 997 971 1047 tempore
995 990 1190 1047 parochia
1212 991 1255 1034 S.
1279 991 1582 1048 Rhadegundis
1612 993 1714 1037 adu-

323 1070 419 1108 nata
447 1065 527 1108 fuit
547 1065 753 1122 parochiae
783 1066 963 1108 omnium
996 1067 1255 1118 Sanctorum,
1283 1082 1307 1108 a
1337 1067 1416 1122 quii
1441 1066 1538 1109 olim
1569 1067 1716 1111 dister-

323 1140 558 1182 minabatur
577 1155 652 1196 per
673 1139 888 1182 Fossatum
910 1142 1100 1196 Regium.

380 1214 633 1270 Perpetuum
678 1214 988 1257 advocationem
1027 1215 1211 1258 rectoriae
1252 1216 1296 1259 S.
1328 1215 1556 1258 Clementis
1590 1216 1713 1260 Cant.

326 1287 458 1343 Hugo
489 1287 695 1340 Absolon‚
736 1289 906 1331 consilio
936 1288 1153 1332 Eustachii
1195 1289 1375 1333 Eliensis
1412 1289 1615 1347 Episcopi
1655 1291 1706 1332 5⁶

325 1368 474 1414 motus,
502 1362 542 1404 in
573 1377 715 1404 manus
743 1362 979 1405 monialium
1010 1362 1202 1414 tradidit,
1234 1377 1356 1418 quam
1389 1362 1546 1405 eisdem
1579 1363 1717 1406 dictus

325 1435 563 1492 Episcopus
604 1435 865 1492 appropriari
902 1435 1036 1490 jussit,
1073 1434 1269 1478 Galfrido
1303 1441 1345 1478 et
1377 1435 1562 1492 Hugone
1597 1435 1714 1493 Epis.

325 1507 460 1552 Elien.
492 1509 775 1560 smoedaneis,
809 1507 1029 1551 Eustachii
1057 1508 1210 1550 factum
1240 1508 1324 1551 suis
1353 1509 1493 1561 cartis,
1525 1509 1718 1553 Honorio

324 1582 392 1623 3ιιιο
419 1588 462 1624 et
489 1582 731 1625 Alexandro
752 1583 809 1624 4²⁰
838 1582 960 1625 Rom.
986 1581 1260 1626 Pontificibus
1285 1581 1468 1625 Galfridi
1496 1589 1537 1625 et
1563 1583 1716 1638 Hugo-

323 1656 386 1698 nis
408 1664 500 1700 acta
519 1658 604 1700 suis
624 1657 748 1701 bullis
768 1657 1142 1707 corroborantibus,
1165 1656 1316 1712 quibus
1335 1656 1459 1699 etiam
1483 1656 1618 1700 omnia
1637 1657 1719 1700 alia

324 1731 432 1774 bona
452 1739 493 1775 et
514 1734 788 1790 possessiones
810 1734 853 1776 S.
879 1732 1178 1789 Rhadegundis
1204 1732 1258 1775 de
1277 1733 1407 1788 gratia
1435 1748 1509 1775 sua
1538 1733 1718 1776 uberiori

326 1805 482 1848 eisdem
504 1807 750 1849 monialibus
771 1806 1015 1849 concedunt.

380 1879 715 1923 Praetereundem
738 1895 816 1922 non
837 1887 914 1932 est,
944 1879 1058 1935 quod
1081 1880 1191 1922 circa
1210 1895 1274 1923 an.
1301 1880 1424 1931 1401,
1449 1879 1557 1922 Tho.
1580 1880 1718 1923 Arun-

330 1953 415 1996 dell
436 1953 792 2011 Archiepiscopus
813 1954 935 1997 Cant.
956 1954 996 1996 in
1018 1954 1320 2010 metropolitica
1343 1954 1577 1997 visitatione
1607 1955 1717 1998 Can-

326 2027 518 2083 tabrigiae
548 2027 704 2080 habita,
737 2029 791 2070 ad
812 2028 1045 2070 instantiam
1067 2027 1224 2070 Adami
1245 2028 1299 2070 de
1325 2027 1550 2070 Walsoken
1577 2027 1719 2070 vicarii

328 2101 373 2144 S.
407 2101 634 2144 Clementis
664 2102 847 2145 decrevit
875 2102 988 2158 quod
1018 2102 1215 2144 moniales
1247 2103 1290 2144 S.
1313 2101 1423 2144 Rad.
1458 2101 1624 2144 domum
1664 2101 1719 2144 ad

325 2175 588 2218 residendum
616 2177 921 2219 accommodam
949 2176 1063 2218 dicto
1094 2175 1262 2227 vicario,
1284 2176 1463 2232 propriis
1483 2175 1720 2232 sumptibus

325 2249 389 2291 vel
410 2249 678 2293 instaurarent
699 2251 762 2293 vel
784 2251 1074 2293 conducerunt.

384 2323 535 2380 Neque
574 2324 806 2367 Ecclesiam
839 2324 960 2366 modo
1001 2323 1155 2366 dictam
1185 2323 1240 2364 ad
1278 2323 1475 2365 moniales
1505 2323 1721 2380 pertinen„

328 2412 466 2439 verum
506 2405 547 2440 et
587 2398 698 2455 ipsas
739 2398 851 2440 aedes
896 2398 940 2442 S.
982 2397 1092 2440 Rad.
1141 2397 1367 2454 praedictus
1410 2403 1528 2454 pater
1570 2397 1718 2440 invisit.

328 2471 551 2516 Dominam
580 2473 799 2516 Isabellam
828 2473 1061 2530 priorissam
1088 2479 1129 2515 et
1156 2472 1336 2528 singulas
1365 2473 1654 2515 commoniales
1679 2479 1721 2516 et

328 2560 563 2589 consorores
599 2547 765 2590 seorsim
799 2553 842 2589 et
877 2547 1066 2603 privatim
1106 2547 1369 2598 examinavit,
1399 2554 1441 2589 et
1470 2547 1721 2590 examinatas

324 2619 557 2673 juramento
579 2620 786 2663 canonicae
817 2620 1066 2663 obedientiae
1087 2620 1320 2663 obstrinxit.

387 2691 538 2747 Neque
569 2693 838 2750 Cantabrigia
870 2694 985 2750 prius
1030 2695 1152 2736 cessit
1182 2693 1552 2750 Archiepiscopus,
1594 2708 1719 2749 quam

329 2767 526 2809 Senatum
563 2768 697 2810 Acad.
733 2773 775 2810 et
818 2767 1008 2823 Collegia
1054 2766 1232 2822 singula,
1277 2767 1386 2809 omni
1430 2771 1634 2823 potestate
1678 2773 1721 2809 et

328 2840 615 2895 jurisdictione
638 2847 719 2883 tam
746 2841 973 2898 episcopali
1005 2856 1129 2896 quam
1153 2840 1495 2897 archiepiscopali
1514 2845 1721 2896 exempta,

329 2916 432 2962 nova
450 2915 736 2969 jurisdictione
758 2931 853 2958 usus
873 2915 1116 2957 visitaverat.
