1936 3224
286 235 340 275 20
872 246 1070 273 msronm

287 357 536 416 quandoque
570 356 804 411 repentinos
836 370 953 398 casus
983 354 1123 406 sensit,
1155 353 1341 397 ultimum
1372 353 1433 396 sui
1463 353 1673 396 excidium

286 447 382 475 mox
403 432 680 474 insecuturam
701 429 807 471 male
829 430 1066 471 ominantes.

323 506 466 551 Anno
497 505 652 560 quippe
691 503 796 545 1277
829 503 870 544 in
903 503 1039 544 ruinas
1073 501 1306 544 subitaneas
1338 502 1528 559 collapsae
1560 506 1675 544 erant

289 578 399 619 aedes
418 577 544 627 Rad„
577 592 641 619 an.
671 576 777 618 1344
815 576 910 631 igne
940 582 1154 631 correptae,
1185 590 1248 617 an.
1282 574 1388 617 1376
1421 572 1676 617 ineluctabili

289 650 479 693 incendio
500 649 785 693 miserabiliter
814 655 978 691 vastatae
1008 655 1050 691 et
1079 648 1201 704 plane
1231 647 1463 699 annullatae,
1490 662 1574 703 quo
1602 646 1675 688 de·

291 739 401 766 mum
420 723 639 766 infortunio
661 723 715 765 ad
742 729 894 765 tantam
925 723 1102 765 inediam
1135 722 1310 765 redactae
1341 728 1454 764 erant
1482 721 1678 764 moniales

292 806 337 842 ut
357 800 504 856 stipem
524 799 642 855 quasi
658 799 824 855 publice
849 799 1105 841 emendicare
1136 804 1388 854 cogerentur.
1450 796 1678 839 Instaurant

291 889 387 915 vero
408 874 573 916 demum
598 874 720 924 1390,
742 878 984 929 tempestate
1003 875 1171 927 (magna
1191 887 1243 913 ex
1274 875 1406 927 parte)
1429 871 1575 912 domus
1592 875 1681 912 erat

294 949 428 992 denuo
448 955 662 1006 prostrata.

349 1024 458 1068 Haec
478 1024 613 1066 omnia
632 1029 830 1065 testantur
850 1021 1115 1077 indulgentiae
1137 1035 1212 1076 pro
1235 1019 1476 1062 collectione
1505 1019 1680 1061 eleemo-

294 1102 431 1153 synea,
452 1097 506 1140 ad
527 1097 737 1140 Prioratus
751 1096 1081 1139 instaurationem
1102 1101 1144 1136 et
1163 1094 1398 1136 monialium
1419 1091 1680 1135 sustentatio·

293 1187 400 1223 nem,
419 1172 472 1214 ab
493 1171 687 1228 episcopo
709 1171 883 1222 Eliensi,
907 1169 1177 1220 Norwicensi,
1200 1167 1493 1216 Lincolniensi,
1524 1180 1680 1208 necnon

295 1246 348 1289 ab
388 1246 698 1303 archiepiscopo
736 1246 1005 1290 Cantuarensi
1040 1260 1256 1296 concessae,
1291 1259 1314 1286 e
1348 1243 1500 1299 quibus
1535 1242 1682 1284 instru-

295 1322 457 1371 mentis,
502 1321 607 1363 inter
650 1319 815 1376 collegii
860 1320 1026 1362 archiva
1075 1318 1281 1375 repositis,
1322 1316 1540 1372 verbisque
1585 1314 1683 1358 inde

295 1394 505 1446 mutuatis,
526 1394 615 1437 haec
636 1409 728 1449 quae
750 1393 803 1436 de
824 1392 1033 1435 Prioratfis
1061 1391 1292 1434 infortuniis
1313 1390 1509 1440 diximus,
1538 1388 1682 1431 recita-

296 1468 439 1512 vimus.
500 1468 651 1511 Paucis
681 1468 831 1519 dicam,
863 1467 1118 1523 temporibus
1139 1465 1247 1508 Edv.
1269 1466 1322 1507 4ti
1349 1463 1548 1520 paulatim
1581 1461 1682 1514 labi,

297 1549 341 1584 et
361 1543 402 1584 in
424 1543 542 1598 pejus
571 1556 689 1584 ruere
719 1541 938 1584 videbatur
965 1540 1055 1582 haec
1085 1540 1246 1590 domus,
1278 1538 1410 1580 donec
1443 1535 1684 1593 urgentibus

297 1617 463 1659 tandem
479 1623 574 1673 post
592 1616 756 1671 longam
778 1630 972 1658 annorum
994 1615 1138 1657 seriem
1159 1614 1268 1665 fatis,
1288 1612 1474 1655 funditus
1495 1610 1662 1654 interiit.

354 1690 478 1733 Anno
512 1691 622 1733 enim
656 1690 920 1732 Henrici'71lni
946 1689 1012 1740 ll,
1038 1687 1280 1744 dilapidatis
1314 1687 1523 1730 Prior-atas
1551 1686 1684 1736 bonis,

299 1764 492 1821 collapsis
511 1765 713 1817 aedificiis,
745 1764 949 1820 corruptis
978 1762 1220 1818 virginibus,
1254 1761 1542 1804 recedentibus
1566 1760 1687 1803 Prio-

297 1841 396 1881 tissa
433 1845 474 1881 et
513 1830 759 1882 monialibus
795 1838 996 1889 omnibus,
1037 1837 1198 1880 duabus
1235 1831 1433 1892 exceptis,
1474 1834 1688 1878 Prioratus

302 1915 343 1956 S.
379 1913 487 1956 Rad.
523 1913 718 1956 mandato
757 1913 866 1968 regis
905 1911 1080 1954 Henrici
1110 1910 1297 1967 praedicti
1337 1907 1682 1965 supprimebatur.

301 1990 391 2033 Sub
432 1990 619 2031 Henrico
658 1989 825 2044 inquam
865 1987 1055 2044 septimo,
1098 1985 1212 2042 quod
1252 1984 1399 2026 iterum
1439 1987 1596 2037 repeto,
1641 1988 1688 2024 ut

302 2064 581 2121 Harpesfieldi
602 2063 818 2106 versutiam
839 2062 1124 2119 perstringam,
1147 2059 1219 2116 qui
1249 2058 1325 2100 sub
1342 2057 1461 2099 finem
1491 2055 1687 2108 historiae,

301 2140 375 2182 has
390 2140 500 2182 aedes
521 2145 731 2181 enumerat
752 2137 855 2179 inter
883 2135 975 2178 illas
1005 2150 1107 2190 quas
1138 2133 1344 2176 Henricus
1377 2133 1457 2174 8'¹¹⁸
1487 2137 1689 2174 comestor

301 2214 517 2270 absorpsit.
579 2212 683 2255 Erat
703 2210 772 2253 ille
796 2210 963 2266 quidem
995 2223 1199 2251 sacrorum
1228 2207 1382 2255 helluo.
1402 2205 1476 2249 sed
1498 2212 1544 2248 ut
1574 2204 1689 2261 quod

301 2304 440 2331 verum
474 2293 535 2330 est
570 2286 721 2338 dicam,
752 2285 861 2327 hunc
891 2284 1030 2327 bolum
1061 2298 1139 2325 non
1171 2281 1394 2332 devoravit,
1433 2295 1512 2322 non
1551 2279 1689 2322 dirue-

302 2363 375 2405 bat
407 2360 519 2404 aedes
549 2359 799 2415 Radegund.
835 2359 946 2401 Hen.
969 2359 1063 2409 8V¹¹⁸‚
1090 2359 1165 2400 sua
1200 2355 1355 2412 quippe
1385 2353 1491 2396 mole
1516 2352 1690 2395 ruebant

303 2437 380 2479 sub
405 2436 518 2478 Hen.
542 2436 630 2486 7¹³⁰,
657 2432 908 2483 monialium,
940 2446 1018 2474 non
1060 2431 1181 2486 regiS,
1217 2429 1330 2473 Hen.
1351 2427 1414 2470 vel
1445 2428 1515 2469 7¹¹li
1533 2425 1597 2468 vel
1633 2425 1690 2468 8”’ί

302 2513 402 2555 vitio
420 2512 594 2568 periere.
656 2509 779 2552 Rich.
804 2507 1045 2564 Harpsfield
1068 2506 1177 2550 Coll.
1195 2504 1307 2548 Novi
1327 2502 1515 2546 alumnus
1536 2500 1688 2543 Archi-

303 2586 410 2628 diac.
433 2586 552 2628 Cant.
576 2591 663 2627 erat
682 2583 805 2627 Aulae
826 2583 951 2625 Albae
972 2588 1014 2624 et
1035 2581 1227 2623 Laurent.
1249 2577 1360 2635 apud
1382 2576 1519 2619 Oxon.
1535 2574 1689 2631 princi·

302 2659 423 2716 palis,
445 2674 583 2701 verum
604 2660 766 2700 natione
795 2656 893 2698 licet
926 2662 968 2697 et
998 2654 1251 2697 institutione
1281 2650 1461 2707 Anglus‚
1493 2649 1690 2706 religione

305 2741 439 2776 tamen
481 2731 709 2782 Romanus,
748 2728 921 2786 proinde
960 2743 1008 2769 ea
1046 2726 1145 2769 vitio
1186 2725 1299 2768 Hen.
1334 2725 1390 2765 8vi
1421 2722 1557 2773 vertit,
1595 2734 1689 2776 quoe

303 2807 416 2850 Hen.
436 2806 503 2847 7¹²⁵
532 2804 672 2846 virtuti
693 2801 910 2846 tribuenda
939 2800 1084 2851 forent,
1100 2814 1183 2855 quo
1202 2797 1362 2840 facilius
1382 2797 1422 2838 in
1452 2795 1689 2851 religionem

303 2879 560 2922 reformatam
582 2877 723 2919 odium
746 2884 786 2918 et
808 2874 1013 2917 infamiam
1033 2873 1247 2916 derivaret.
