1936 3224
578 222 783 251 COLLEGII
812 220 912 249 JESU
943 219 1264 248 CANTABRIGIAE'..
1578 203 1626 245 13

282 335 427 379 Missis
448 338 583 375 autem
605 330 823 386 Collegiis‚
846 330 902 372 ad
926 330 1164 373 coenobium
1190 333 1372 370 nostrum
1395 327 1624 370 redeamus.

225 411 322 454 Rex
361 410 474 453 Hen.
515 407 591 449 6ιιιεὶ
628 405 830 447 concessit
868 404 1116 447 monialibus
1154 402 1389 445 facultatem
1444 401 1627 445 habendi

224 485 367 529 feriam
413 480 660 538 [nundinas]
703 479 744 522 in
783 479 943 535 vigilia,
985 479 1026 521 in
1069 478 1154 530 die,
1195 484 1237 520 et
1277 477 1318 519 in
1351 477 1528 519 crastino
1563 493 1627 519 as-

226 545 469 615 sumptionis
502 554 552 597 B.
590 553 739 596 Mariae
768 554 966 610 Virginis.
1044 552 1095 595 In
1130 551 1200 594 die
1230 553 1279 594 B.
1315 550 1466 594 Mariae
1506 550 1624 607 Virg.

226 629 550 687 Assumptionis,
581 644 630 670 eo
661 628 774 683 quod
816 630 882 682 (ut
921 628 1088 684 opinor)
1129 625 1322 670 Ecclesia
1350 624 1628 668 conventualis

225 707 349 762 hujus
384 704 587 761 prioratus
617 702 667 745 B.
691 702 854 758 Virgini
884 701 1034 744 Mariae
1065 700 1248 743 simulet
1279 700 1324 743 S.
1347 699 1458 741 Rad.
1490 699 1628 742 dicata

225 779 316 822 fuit.
378 779 427 820 In
459 775 598 832 vigilia
624 776 742 818 istius
773 775 874 826 diei,
907 775 1060 817 fortsan
1095 773 1167 829 qui
1200 773 1245 816 S.
1275 772 1386 815 Rad.
1422 773 1509 815 dies
1549 772 1628 815 ista

225 853 373 897 natalis
397 853 486 897 fuit.
549 854 600 896 Id
627 860 737 895 certe
766 867 817 894 ex
840 851 1016 909 Lipeloo
1041 855 1083 893 et
1110 849 1284 893 Grassio
1308 854 1482 900 constat,
1514 847 1629 904 quod

227 943 365 971 mense
386 928 568 982 Augusti
589 932 649 982 (et
671 932 869 982 quantum
890 924 1067 979 conjicio
1087 924 1197 966 circa
1216 922 1329 964 hunc
1349 922 1486 978 ipsum
1517 921 1627 964 diem

229 1004 398 1059 mensis)
420 1011 515 1046 nata
536 1003 623 1045 fuit.

287 1079 497 1121 Henricus
530 1078 623 1120 Rex
664 1076 889 1133 praedictus
928 1074 1074 1118 eodem
1112 1077 1381 1116 instrumento
1421 1072 1626 1128 prioratus

229 1150 353 1206 hujus
403 1150 678 1207 possessiones
726 1149 779 1192 ab
830 1148 1020 1191 omnibus
1071 1146 1242 1189 decimis
1275 1146 1453 1200 aliisque
1491 1145 1629 1201 quotis

231 1223 420 1280 partibus
460 1223 627 1266 domino
675 1222 763 1278 regi
804 1221 1024 1272 solvendis,
1077 1221 1239 1276 quietas
1274 1234 1362 1261 esse
1404 1224 1446 1261 et
1475 1217 1630 1262 solutas

230 1298 451 1341 mandavit.

289 1372 418 1414 Mitto
439 1370 540 1413 alias
570 1370 895 1426 quamplurimas
926 1368 1169 1412 donationes
1203 1366 1442 1409 reddituum
1479 1381 1632 1408 exeun-

232 1446 334 1489 tium
349 1462 372 1488 e
393 1446 587 1489 domibus
608 1453 650 1489 et
670 1446 842 1489 officinis
857 1447 897 1488 in
920 1444 1127 1502 parochiis
1146 1445 1189 1487 S.
1209 1442 1323 1485 Petri
1353 1449 1470 1484 extra
1491 1448 1632 1498 portas

232 1520 554 1576 Trumpington.
577 1527 617 1563 et
639 1522 682 1564 S.
705 1521 733 1563 J
738 1521 911 1563 ohannis
946 1519 1071 1576 Bapt.
1097 1520 1183 1574 jam
1215 1517 1423 1568 extinctis,
1456 1516 1631 1572 aliisque

232 1594 272 1636 in
295 1593 411 1645 locis,
442 1594 690 1637 monialibus
711 1609 936 1636 concessas.
1001 1591 1277 1635 Reticendum
1298 1597 1431 1633 tamen
1453 1605 1531 1632 non
1553 1596 1630 1641 est,

234 1669 347 1725 quod
387 1669 629 1725 Hospitium
662 1667 846 1724 Ovyngi,
885 1667 1008 1723 vulgo
1046 1666 1144 1709 dict.
1179 1666 1350 1722 Ovyngs
1386 1665 1556 1716 Hostle‚
1590 1664 1631 1706 in

233 1742 427 1799 parochia
447 1742 490 1785 S.
515 1741 738 1784 Michaelis
772 1745 942 1798 (praeter
962 1740 1042 1782 alia
1063 1745 1294 1782 tenementa
1314 1739 1355 1781 in
1378 1738 1491 1782 dicta
1512 1753 1632 1795 paro-

236 1816 342 1868 chia,
360 1830 451 1871 quae
465 1815 504 1858 in
517 1815 842 1872 possessionibus
864 1814 1046 1869 Collegii
1062 1814 1106 1857 S.
1125 1813 1241 1856 Trin.
1258 1828 1382 1864 nuuc,
1406 1819 1450 1854 ut
1472 1812 1632 1868 opinor,

235 1893 365 1942 sunt,)
387 1890 493 1932 inter
523 1889 798 1946 possessiones
826 1888 951 1943 hujus
981 1888 1128 1930 domus
1159 1886 1501 1929 dinumerandum
1531 1893 1631 1929 erat.

235 1965 372 2021 Hosp.
417 1979 513 2006 sane
551 1963 649 2006 olim
688 1978 767 2005 non
808 1962 1030 2014 incelebre,
1069 1961 1111 2004 in
1150 1976 1233 2017 quo
1262 1960 1381 2004 multi
1411 1960 1489 2003 viri
1519 1960 1632 2003 docti

235 2037 558 2081 diversabantur.

294 2111 423 2155 Mitto
437 2112 603 2168 insuper
617 2112 827 2154 innumera
858 2109 1099 2152 munuscula
1119 2123 1213 2165 quae
1233 2108 1356 2150 vicini
1376 2107 1486 2150 villae
1509 2108 1631 2150 Cant.

237 2186 398 2228 micolae
420 2185 635 2227 morientes
654 2184 863 2240 legabant,
880 2199 961 2225 una
978 2198 1068 2224 cum
1083 2181 1326 2238 corporibus
1346 2196 1513 2237 quoque
1534 2181 1632 2233 suis,

239 2259 281 2302 in
318 2259 507 2302 Ecclesia
551 2258 810 2301 conventuali
841 2256 1108 2314 sepeliendis,
1150 2263 1195 2298 ut
1233 2255 1456 2312 participes
1491 2255 1634 2297 fierent

239 2334 419 2377 omnium
454 2348 623 2389 precum
657 2340 698 2375 et
737 2332 950 2374 missarum
981 2346 1055 2387 per
1085 2329 1345 2387 capellanum
1378 2329 1632 2380 celebrand.,

239 2423 359 2464 quem
404 2413 502 2462 (una
540 2423 633 2450 cum
672 2406 920 2461 confessore)
971 2411 1081 2448 certo
1132 2404 1340 2461 stipendio
1383 2403 1632 2446 conductum

239 2482 437 2524 moniales
466 2480 642 2523 alebant.

298 2555 403 2598 Tres
431 2561 566 2597 autem
597 2560 823 2609 quatuorve
851 2553 1147 2604 concessiones,
1179 2551 1345 2594 minoris
1375 2551 1471 2593 licet
1493 2551 1633 2607 pretii,

242 2628 488 2671 monialibus
529 2635 661 2670 tamen
704 2634 840 2682 gratas
879 2634 920 2670 et
960 2634 1148 2684 acceptas
1195 2639 1431 2668 enumerare
1460 2625 1630 2681 placuit.

242 2702 461 2746 Galfridus
482 2702 534 2744 de
559 2702 769 2753 Scalariis‚
791 2700 957 2752 Gallus,
990 2716 1163 2743 annuam
1195 2699 1431 2756 pensionem
1459 2700 1509 2741 13
1529 2700 1589 2743 sh.
1611 2715 1635 2741 e

243 2778 361 2821 terris
391 2776 474 2820 suis
504 2778 557 2820 de
588 2777 792 2820 Cravvdon
823 2776 991 2832 legavit,
1024 2776 1078 2819 ad
1109 2774 1394 2818 sustentandas
1422 2775 1637 2832 lampadas

244 2852 284 2894 in
306 2852 494 2896 Ecclesia
515 2852 559 2895 S.
592 2851 730 2895 Rhad.
763 2857 964 2908 perpetuo
984 2850 1184 2894 ardentes.
1249 2851 1381 2905 Hugo
1405 2849 1512 2892 filius
1542 2849 1635 2891 Ab-

243 2925 407 2979 salonis,
426 2926 635 2970 Robertus
656 2925 709 2968 de
729 2924 906 2977 Heliun,
928 2930 969 2967 et
990 2924 1155 2968 Amicia
1176 2924 1318 2967 Bacun
1341 2924 1393 2966 de
1416 2924 1633 2974 Staunton‚
