1936 3224
600 218 803 248 commu
835 218 933 246 Jasu
954 216 1274 246 cAnrAnmcm.
1580 202 1635 243 39

247 332 290 370 et
310 342 382 371 nos
403 339 578 384 quoque
592 332 675 369 tam
695 326 870 369 obscura
891 325 1063 382 vestigia
1091 330 1337 381 prementeS‚
1358 324 1515 366 veniam
1536 324 1636 366 faci-

249 401 330 444 lem
349 401 638 458 impetraturos
667 400 925 452 confidimus,
955 400 989 442 si
1018 400 1058 442 in
1080 398 1283 442 nonnullis
1314 413 1468 441 errasse
1497 397 1638 440 videa-

249 489 352 518 mur.
413 474 492 517 Vir
511 474 680 530 quidem
706 480 794 516 erat
824 474 1088 516 translatione
1118 472 1352 516 Bibliorum
1384 472 1425 514 in
1454 471 1635 527 linguam

249 548 506 591 vernaculam
528 548 634 591 inter
655 548 756 591 alios
778 548 963 591 celebris.
1005 547 1159 590 Verum
1183 546 1236 589 ad
1257 546 1485 602 augendam
1517 545 1640 600 hujus

251 621 335 664 Βῆ*
354 621 519 674 famam,
542 621 647 664 illud
674 629 767 664 ante
786 621 921 664 omnia
937 620 1113 672 accedit,
1135 620 1248 676 quod
1266 619 1511 662 Reverendo
1533 619 1640 675 patri

252 693 474 738 Lanceloto
509 695 667 738 Eliensi
708 695 919 752 episcopo,
948 710 1045 737 mox
1081 694 1368 745 Wintoniensi,
1398 693 1521 735 frater
1551 699 1640 735 erat

248 783 478 823 germanus,
500 769 695 825 episcopo
716 768 940 811 Lanceloto
961 774 1120 810 mortuo
1141 774 1346 823 superstes
1366 767 1536 823 quidem
1552 772 1639 809 erat

249 840 456 898 Rogerus,
478 857 615 884 verum
637 843 738 885 exiit
757 848 918 885 custos:
941 841 1193 884 Praefectura
1207 842 1313 883 enim
1333 856 1411 883 non
1435 841 1492 884 ita
1508 841 1639 884 multo

250 925 344 974 post
365 918 500 971 cessit,
519 923 611 962 ἑκών
629 922 772 962 discam-1
792 922 830 962 δὲ
850 926 963 975 θυμῷ.

311 992 375 1036 15.
407 992 483 1034 Dre
506 991 706 1035 Andrews
728 991 818 1034 loco
840 990 1026 1042 cedente,
1047 991 1087 1033 in
1113 991 1247 1033 locum
1271 997 1479 1033 vacantem
1500 1006 1641 1034 succe-

251 1066 315 1108 dit
336 1066 572 1109 Gulielmus
592 1066 719 1108 Beale
741 1066 1010 1121 Hyeronymo
1041 1065 1145 1107 aulae
1167 1064 1527 1107 Pembrochiensis
1555 1080 1641 1108 ma-

251 1140 380 1196 gistro
405 1139 530 1182 frater
559 1155 791 1195 germanus,
819 1139 995 1190 S.T.P.‚
1020 1140 1062 1182 in
1090 1154 1189 1195 agro
1220 1139 1389 1195 quidem
1414 1138 1642 1181 Oxoniensi

250 1220 384 1266 natus,
407 1229 544 1256 verum
576 1214 615 1255 in
647 1214 857 1256 academia
879 1214 1000 1257 Cant.
1027 1214 1251 1266 institutus,
1283 1213 1448 1269 collegii
1479 1214 1523 1256 S.
1546 1212 1642 1256 Tri-

251 1288 391 1331 nitatis
410 1304 558 1345 nempe
588 1289 788 1340 alumnus,
811 1295 979 1344 quartus
1009 1296 1051 1331 et
1080 1289 1248 1332 ultimus
1269 1289 1340 1344 qui
1370 1289 1408 1331 in
1439 1290 1641 1331 sociorum

251 1369 294 1405 et
324 1363 607 1419 magistrorum
635 1363 758 1418 hujus
788 1362 951 1419 collegii
982 1363 1121 1406 album
1149 1363 1426 1419 conscriptum
1457 1378 1642 1405 numera-

252 1445 331 1481 tur.
365 1440 512 1482 Socius
531 1438 733 1482 admissus
752 1445 840 1482 erat
865 1439 988 1490 1611,
1006 1446 1142 1481 custos
1157 1438 1293 1495 pridie
1314 1437 1371 1480 id.
1393 1438 1421 1480 J
1426 1438 1498 1480 ulii
1520 1439 1641 1480 1632.

254 1514 410 1558 Rector
430 1515 483 1558 de
505 1515 754 1571 Cotingham
772 1514 813 1557 in
827 1515 944 1558 Com.
967 1513 1217 1571 Northamp.
1240 1521 1281 1556 et
1302 1514 1355 1556 de
1373 1512 1499 1555 Pauls
1514 1512 1642 1569 Perry

253 1591 296 1633 in
328 1591 448 1634 Com.
480 1591 694 1648 praedicto.
755 1590 844 1633 Diu
865 1591 1034 1646 quidem
1065 1589 1202 1632 floruit
1231 1589 1366 1631 socius
1392 1596 1434 1630 et
1462 1587 1643 1644 pupillos

254 1665 359 1708 bene
379 1664 547 1716 multos,
569 1665 819 1720 eosdemque
849 1665 985 1719 magni
1007 1663 1180 1706 nominis
1201 1663 1307 1705 viros
1326 1668 1367 1704 et
1396 1661 1644 1717 imaginibus

254 1739 401 1790 claros,
421 1745 532 1781 tutor
548 1738 889 1781 nominatissimus
910 1738 1099 1780 instituit.
1142 1737 1295 1779 Verum
1318 1737 1502 1792 magistri
1522 1736 1644 1779 titulo

254 1828 399 1870 parum
427 1813 651 1869 gaudebat,
678 1829 783 1856 anno
813 1813 919 1856 enim
951 1813 1004 1856 ab
1034 1813 1281 1856 admissione
1310 1828 1451 1855 recens
1481 1819 1642 1864 exacto,

256 1887 448 1931 mandato
481 1888 723 1931 serenissimi
753 1887 959 1944 Principis
990 1889 1130 1932 Caroli
1161 1888 1227 1931 cui
1258 1895 1345 1931 erat
1374 1905 1398 1930 a
1418 1888 1558 1940 sacris,
1588 1888 1641 1931 ad

255 1959 547 2004 Praefecturam
564 1961 728 2018 collegii
750 1961 808 2004 D.
828 1961 1001 2004 Joannis
1020 1962 1240 2005 translatus
1261 1968 1359 2005 erat.
1406 1962 1447 2004 A
1469 1961 1644 2018 collegio

257 2036 428 2079 Joannis
462 2035 675 2091 ingruente
705 2034 815 2078 bello
854 2040 1027 2087 amotus,
1064 2040 1106 2077 et
1137 2036 1176 2077 in
1213 2050 1415 2078 carcerem
1450 2037 1642 2091 rejectus,

258 2109 368 2152 unde
410 2109 575 2151 tandem
612 2115 793 2166 ereptus,
831 2108 1042 2152 Oxonium
1079 2109 1197 2162 adiit,
1236 2109 1475 2165 ibidemque
1509 2110 1647 2153 Deca-

257 2197 332 2225 nus
354 2182 532 2233 Eliensis
560 2183 859 2226 nominabatur.
920 2183 1025 2226 Inde
1054 2187 1228 2240 peregre
1257 2182 1534 2239 proficiscens,
1551 2199 1645 2226 cum

256 2256 569 2299 honoratissimo
609 2257 776 2298 domino
815 2256 1058 2313 Cottington
1077 2256 1200 2312 ‘regis
1229 2255 1366 2312 legato
1398 2256 1646 2313 Hispaniam

256 2330 473 2381 concessit,
513 2336 554 2372 et
588 2329 763 2371 Madriti
796 2329 975 2382 demum,
1011 2330 1052 2372 in
1087 2334 1207 2372 causa
1237 2330 1348 2386 regia
1376 2330 1646 2373 honorificum

257 2403 538 2446 ostracismum
559 2418 718 2460 passus,
738 2402 833 2445 exul
853 2403 970 2446 obiit.

321 2477 386 2519 16.
420 2476 494 2518 Dre
511 2476 640 2519 Beale
660 2476 714 2519 ad
733 2477 986 2518 Joannenscs
1016 2476 1226 2529 translato,
1251 2477 1455 2520 Ricardus
1487 2478 1647 2528 Sterne,

259 2564 311 2591 ex
349 2549 513 2592 alumno
548 2550 711 2605 collegii
754 2550 799 2593 S.
831 2549 948 2592 Trin·
989 2549 1031 2592 in
1066 2550 1221 2592 socium
1255 2550 1420 2605 collegii
1452 2550 1650 2606 Corporis

263 2625 422 2668 Christi
460 2625 558 2668 olim
588 2625 757 2677 electus,
790 2639 841 2667 ex
876 2624 987 2667 socio
1016 2624 1234 2669 Benedict.
1264 2625 1304 2667 in
1334 2625 1459 2679 hujus
1484 2624 1648 2680 collegii

260 2700 500 2755 magistrum
519 2699 809 2742 instituebatur
822 2699 938 2741 nonis
957 2698 1119 2750 Martii,
1142 2700 1261 2742 1633.
1324 2699 1421 2749 Quo
1438 2715 1543 2742 anno
1563 2704 1651 2741 erat

261 2773 436 2825 S.T.B.‚
451 2774 492 2815 in
512 2773 655 2816 eadem
667 2788 761 2816 vero
777 2773 970 2816 facultate
982 2772 1194 2816 Professor
1213 2773 1356 2825 evasit,
1373 2774 1495 2825 1635,
1518 2779 1650 2815 rector

262 2847 316 2888 de
336 2846 541 2890 Harleton
569 2847 610 2889 in
631 2848 751 2890 Com.
773 2847 894 2890 Cant.
917 2853 958 2889 et
978 2847 1031 2889 de
1054 2847 1253 2889 Yevelton
1279 2848 1319 2889 in
1343 2847 1460 2890 Com.
1485 2848 1648 2890 Somer-

261 2927 355 2973 set„
376 2922 438 2964 vir
458 2921 625 2978 quidem
656 2938 734 2965 non
756 2923 840 2965 sive
861 2923 1013 2965 honore
1033 2922 1316 2975 nominandus,
1339 2923 1409 2978 qui
1430 2929 1647 2979 postquam
