1936 3224
312 222 360 263 18
899 239 1103 269 nisrossm

302 346 400 398 tico,
431 346 544 389 dicta
573 346 720 389 electio
750 363 885 390 coram
917 349 1073 406 populo
1103 349 1157 392 ad
1190 349 1460 406 pulsationem
1482 365 1694 408 campanar

303 426 552 475 congregato
572 420 783 476 publicata
810 428 898 464 erat
918 422 958 464 in
980 422 1120 478 lingua
1149 423 1324 479 vulgari,
1355 428 1446 468 ante
1467 425 1609 468 horam
1645 427 1699 469 12

303 493 678 547 antemeridianam.
740 494 908 544 Quibus
937 498 1129 551 peractis,
1161 512 1301 541 omnes
1330 514 1565 543 consorores
1591 515 1698 557 prae-

304 567 456 610 dictam
487 568 691 610 Joannam
722 569 894 611 electam
925 569 1130 612 duxerunt
1162 570 1218 613 ad
1243 572 1490 615 vestibulum
1510 573 1698 628 ejusdem

304 641 505 694 ecclesiae,
527 642 768 698 ibidemque
788 643 1040 687 dimiserunt.
1084 643 1374 688 Redeuntibus
1393 649 1487 688 vero
1507 647 1699 690 omnibus

306 723 492 773 tempore
521 718 762 773 postmerid.
796 718 849 761 ad
888 719 1054 761 domum
1096 719 1364 775 capitularem
1397 721 1698 773 consororibus,

306 806 545 833 consensum
566 797 641 843 est,
662 796 707 834 ut
729 791 831 834 Eliz.
854 792 1023 835 Walton
1046 799 1086 834 et
1109 792 1235 834 Rath.
1252 793 1513 849 ,Seyntelom
1535 800 1628 837 aeta
1655 801 1699 838 et

305 879 540 920 processum
577 866 701 908 totius
730 866 943 909 electionis
970 866 1147 909 dominae
1177 867 1352 909 Joannae
1375 867 1583 923 praedictae
1605 883 1698 925 pre-

305 946 526 991 sentarent,
547 940 763 996 ipsamque
783 940 924 992 etiam,
940 941 975 982 si
994 956 1098 997 opus
1119 940 1258 992 fuerit,
1279 948 1485 996 rogarent,
1498 946 1700 996 quatenus

305 1013 404 1055 huic
424 1012 614 1055 electioni
636 1014 829 1057 canonice
861 1014 1080 1056 celebratae
1102 1029 1310 1056 assensum
1339 1029 1455 1056 suurn
1477 1015 1699 1070 praeberet,

307 1087 421 1142 quod
456 1087 509 1129 ab
539 1087 590 1128 iis
619 1086 772 1129 factum
801 1093 878 1139 est,
908 1087 1011 1130 hora
1039 1088 1104 1129 422
1145 1087 1199 1129 ad
1220 1087 1467 1130 vestibulum
1512 1087 1699 1130 ecclesiae

305 1161 532 1217 praedictae.
592 1160 777 1204 Domina
805 1167 941 1203 autem
975 1161 1137 1203 Joanna
1156 1160 1287 1203 electa
1316 1162 1511 1204 instanter
1539 1169 1698 1218 rogata,

306 1241 352 1277 ut
373 1250 579 1277 assensum
600 1234 791 1277 electioni
815 1234 1035 1290 praeberet,
1055 1233 1188 1290 primo
1218 1234 1509 1291 respondebat,
1530 1251 1574 1278 se
1594 1235 1701 1278 velle

308 1310 553 1363 deliberare,
575 1311 741 1353 tandem
762 1313 860 1353 vero
881 1310 1103 1352 earundem
1124 1310 1317 1366 precibus
1347 1310 1524 1362 devicta,
1542 1318 1584 1354 et
1604 1320 1699 1368 post

306 1384 455 1427 multas
474 1384 775 1436 excusationes,
794 1383 985 1426 electioni
1006 1383 1224 1434 consensit,
1242 1383 1319 1426 sub
1342 1383 1424 1426 hac
1438 1383 1566 1427 forma
1583 1400 1653 1427 :—

363 1458 460 1514 Ego
479 1458 509 1501 J
511 1473 642 1500 oanna
659 1457 883 1500 Lancaster
893 1455 1082 1498 monialis
1101 1462 1143 1497 et
1163 1469 1358 1498 consoror
1377 1457 1561 1498 ecclesiae
1578 1471 1700 1513 regu-

307 1532 421 1585 laris,
468 1532 553 1574 sive
588 1531 801 1575 Prioratfis
846 1530 896 1573 B.
940 1529 1089 1573 Mariae
1124 1529 1294 1585 virginis
1327 1537 1369 1572 et
1413 1531 1456 1574 S.
1495 1531 1603 1574 Rad.
1645 1531 1700 1574 de

308 1606 506 1650 cantabr.
537 1606 694 1649 ordinis
713 1605 990 1656 Benedictini,
1019 1604 1205 1646 ordinem
1237 1605 1466 1660 regularem
1488 1604 1530 1646 in
1554 1604 1698 1647 eadem

303 1682 473 1725 ecclesia
518 1686 708 1737 expresse
749 1679 947 1736 professa,
990 1680 1031 1722 in
1071 1684 1193 1721 aetate
1238 1678 1422 1735 legitima
1463 1678 1698 1731 constituta,

303 1755 435 1799 libera
455 1762 496 1798 et
515 1755 716 1811 legitima,
738 1760 780 1797 et
799 1754 984 1810 legitimo
1003 1752 1260 1796 matrimonio
1279 1757 1510 1809 procreata,
1529 1758 1699 1796 vacante

304 1828 420 1872 dicta
439 1828 631 1880 eeclesia,
653 1843 726 1884 per
746 1834 916 1870 mortem
940 1827 1061 1870 bonae
1092 1827 1296 1869 memoriae
1319 1826 1498 1868 dominae
1520 1826 1700 1882 Agnetis

304 1902 537 1959 Seyntelow
565 1902 718 1944 ultimae
747 1900 958 1944 Priorissae
989 1900 1190 1956 ejusdem,
1216 1900 1258 1942 in
1287 1900 1531 1943 Priorissam
1572 1900 1698 1944 dictae

303 1977 505 2029 ecclesiae,
535 1977 621 2019 sive
653 1976 878 2028 prioratus,
910 1975 1168 2018 concorditer
1187 1982 1229 2018 et
1258 1974 1454 2018 canonice
1481 1974 1627 2025 electa,
1656 1980 1699 2016 et

303 2066 355 2093 ex
376 2058 492 2107 parte
522 2050 790 2094 Praesidentis
819 2048 989 2104 capituli
1021 2048 1105 2091 sive
1136 2052 1372 2099 conventas,
1404 2062 1478 2104 per
1505 2061 1698 2104 procura-

302 2127 424 2168 trices
445 2123 499 2166 ad
518 2124 598 2166 hoc
628 2122 848 2179 deputatas
877 2122 1072 2164 instanter
1101 2121 1314 2176 requisita,
1350 2128 1395 2163 ut
1424 2119 1615 2163 electioni
1644 2120 1699 2163 de

302 2200 464 2245 Joanna
485 2200 709 2242 Lancaster
723 2198 857 2250 factae,
877 2212 1012 2240 meum
1033 2197 1262 2253 praeberem
1283 2211 1524 2239 consensum
1543 2196 1700 2253 pariter

302 2281 344 2317 et
363 2289 587 2325 assensum,
608 2278 650 2315 et
671 2272 848 2315 existens
879 2271 1016 2314 adhuc
1046 2271 1152 2314 intra
1182 2277 1359 2328 tempuS,
1391 2271 1492 2313 mihi
1522 2270 1576 2313 ad
1601 2284 1698 2313 con-

303 2348 575 2400 sentiendum,
597 2347 818 2399 indultum,
838 2346 982 2388 nolens
1002 2346 1156 2388 diutins
1178 2345 1364 2387 resistere
1385 2344 1535 2386 divinae
1557 2343 1699 2386 voluu-

302 2422 393 2475 tati,
415 2422 467 2464 ad
489 2420 654 2464 laudem
674 2426 717 2462 et
735 2419 931 2462 honorem
966 2419 1046 2461 Dei
1078 2418 1384 2475 omnipotentis,
1407 2416 1458 2460 B.
1488 2417 1636 2459 Mariae
1656 2422 1699 2459 et

304 2497 348 2540 S.
383 2497 513 2548 Rad.,
550 2496 591 2538 in
632 2509 803 2551 quarum
844 2495 1005 2537 nomine
1035 2494 1147 2536 dicta
1177 2493 1352 2536 ecclesia
1380 2491 1578 2548 regularis
1606 2491 1699 2534 fun-

303 2569 403 2612 data
442 2578 484 2613 et
522 2574 758 2612 consecrata
794 2570 949 2620 existit,
990 2569 1086 2611 huic
1126 2568 1316 2611 electioni
1363 2566 1417 2609 de
1456 2581 1522 2608 me
1561 2565 1696 2618 factae,

302 2643 489 2698 mihique
509 2649 782 2700 praesentatae,
803 2649 995 2699 expresse
1026 2642 1236 2685 consentio
1255 2640 1410 2697 pariter
1429 2645 1471 2682 et
1505 2639 1698 2690 assentio,

304 2720 344 2760 in
364 2717 527 2760 nomine
555 2717 709 2769 Patris,
730 2723 811 2759 etc.

361 2791 420 2835 Et
434 2792 521 2835 haec
542 2791 711 2847 quidem
741 2791 795 2833 de
825 2789 1038 2833 Priorissis
1068 2789 1246 2833 dicenda
1275 2787 1508 2830 habuimus.
1568 2785 1699 2836 Quod

303 2865 358 2908 ad
379 2864 588 2916 moniales,
618 2879 669 2907 ex
699 2862 948 2920 supradictis
977 2863 1031 2905 de
1061 2862 1260 2906 electione
1290 2860 1503 2904 Priorissae
1523 2864 1696 2911 constat,
