1936 3224
619 226 821 265 COLLEGn'
853 236 950 265 JESU
982 235 1305 265 CANTABRIGIAE.
1609 221 1659 262 21

315 346 539 390 Coronidis
574 346 667 389 loco
701 345 869 398 notabo,
900 345 1016 401 quod
1051 344 1257 388 Baronius
1287 345 1513 388 Annalium
1547 351 1658 389 tomo

257 423 323 464 8¹¹⁰
341 421 478 472 refert,
510 420 740 464 Abbatiam
769 420 893 462 etiam
914 419 1026 462 illam
1047 420 1179 476 ipsam
1208 419 1505 476 supradictam,
1533 434 1657 475 quam

259 497 303 540 S.
327 495 605 551 Radegundis
625 495 825 538 Pictaviis
845 494 1049 546 fundavit,
1072 510 1196 551 quam
1218 495 1451 537 Gallicanae
1471 494 1656 538 ecclesiae

254 571 475 627 episcopus
505 570 636 613 literis
666 570 983 621 commendavit,
1016 576 1058 612 et
1087 569 1128 611 in
1159 568 1383 612 eorundem
1425 569 1656 613 clientelam

257 645 474 696 concessit,
497 659 705 700 quamque
728 644 953 687 Lotharius
974 644 1068 686 Rex
1080 644 1310 700 privilegiis
1323 644 1509 695 munivit,
1531 645 1656 686 etiam

256 719 364 761 hanc
386 719 518 774 ipsam
541 718 786 770 Abbatiam,
808 718 937 774 idque
958 718 1064 760 intra
1093 718 1327 769 triennium,
1359 718 1411 760 ab
1434 718 1549 761 obitu
1571 717 1655 761 Ra-

255 793 479 849 degundis,
502 792 698 835 moniales
720 792 823 835 inibi
845 792 1055 848 professae,
1077 795 1159 834 una
1181 807 1274 834 cum
1297 793 1342 835 S.
1365 791 1472 835 Rad.
1498 792 1656 835 tumulo

257 866 416 910 ibidem
440 867 592 923 posito,
613 882 693 909 non
715 867 802 909 sine
822 882 970 922 magno
991 866 1202 922 religionis
1223 866 1418 908 scandalo
1440 866 1653 910 violarunt.

260 939 298 981 F
299 939 382 982 iliae
403 940 595 982 nimirum
617 940 871 983 devorabant
891 946 1075 982 matrem.

314 1014 445 1065 Quod
465 1016 498 1058 si
519 1015 631 1058 aedes
651 1031 760 1068 suas,
783 1015 866 1058 suis
886 1016 926 1058 in
949 1016 1095 1058 mirum
1128 1016 1360 1072 sumptibus
1385 1023 1652 1070 constructas,

257 1088 411 1145 regulis
431 1090 652 1142 institutas,
674 1098 804 1132 sartas
826 1097 956 1132 tectas
985 1089 1048 1132 vel
1080 1088 1286 1132 tantillum
1318 1105 1555 1133 conservare
1575 1107 1654 1135 non

257 1162 431 1206 valuerit
451 1164 494 1206 S.
517 1162 647 1215 Rad.‚
685 1163 790 1219 quid
814 1163 1022 1215 miremur,
1054 1163 1088 1205 si
1120 1162 1255 1205 Deam
1288 1165 1502 1206 tutelarem
1532 1165 1656 1221 hujus

261 1235 474 1280 Prioratus
493 1252 537 1280 se
557 1238 694 1280 minus
713 1237 940 1294 praestitit?

316 1311 364 1354 Si
385 1325 486 1365 quas
505 1311 596 1368 ipsa
619 1311 725 1354 Rad.
744 1310 887 1366 regina
917 1310 997 1353 sibi
1027 1310 1165 1367 posuit
1195 1310 1322 1362 aedeS,
1346 1311 1460 1355 brevi
1490 1313 1656 1356 vacilla-

257 1385 403 1438 verint,
439 1385 594 1427 nemini
628 1385 768 1427 mirari
797 1385 957 1435 subeat,
998 1384 1032 1426 si
1063 1384 1210 1426 domus
1246 1399 1370 1440 quam
1405 1385 1656 1430 Malcolmus

258 1475 330 1503 rex
361 1459 615 1516 Radegundi
636 1459 791 1502 dicavit
826 1459 948 1514 longo
978 1459 1174 1515 temporis
1204 1459 1379 1504 decursu
1409 1460 1656 1505 labefactata

261 1542 366 1578 ruat.

315 1611 460 1667 Atque
489 1611 547 1653 ita
577 1610 742 1652 demum
778 1611 820 1652 S.
845 1608 1117 1664 Radegundis
1157 1609 1413 1651 historiolam
1442 1609 1656 1653 adornavi-

259 1699 364 1736 mus,
386 1685 428 1727 in
449 1699 533 1740 qua
552 1690 636 1726 tam
664 1683 791 1725 multa
822 1682 1067 1734 desiderari,
1099 1681 1162 1724 vel
1184 1682 1318 1738 primo
1347 1683 1498 1726 intuitu
1529 1685 1657 1727 lector

259 1757 479 1813 intelligat,
513 1764 558 1800 ut
591 1758 728 1799 statim
762 1763 958 1812 agnoscat
987 1756 1153 1798 titulum
1185 1756 1306 1811 hujus
1339 1757 1544 1808 sectionis,
1577 1772 1656 1798 non

259 1833 491 1876 inconsulto
512 1849 536 1875 a
556 1833 676 1875 nobis
696 1832 877 1889 positum
901 1831 1039 1884 fuisse,
1068 1831 1108 1873 in
1134 1846 1218 1886 quo
1248 1831 1475 1887 fragmenta
1500 1838 1658 1874 tantum

260 1907 471 1951 Prioratfis
492 1906 681 1949 exhiberi
710 1904 1014 1947 insinuavimus.

315 1980 471 2024 Verum
493 1995 626 2037 pauca
647 1979 744 2022 licet
766 1979 856 2021 haec
882 1978 978 2030 sint,
1012 1978 1245 2021 istiusmodi
1266 1986 1400 2021 tamen
1432 1985 1540 2031 sunt,
1563 1993 1657 2034 quae

261 2069 315 2098 ex
334 2053 480 2097 solutis
506 2053 629 2096 cartis
659 2068 824 2095 mucore
855 2052 1068 2104 confectis,
1099 2067 1153 2095 ex
1183 2067 1442 2108 pergamenae
1473 2066 1658 2107 segmen-

261 2129 314 2172 tis
333 2128 529 2186 putridis‚
561 2128 691 2170 visum
720 2128 844 2170 etiam
874 2134 915 2169 et
950 2131 1105 2169 tactum
1134 2142 1240 2184 pene
1269 2126 1576 2183 effugientibus,
1607 2139 1659 2167 ex

261 2203 539 2247 instrumentis
557 2202 796 2253 veternosis,
826 2201 978 2244 blattas
1007 2202 1114 2244 inter
1144 2207 1186 2244 et
1215 2202 1360 2254 tineas,
1390 2200 1658 2256 consumptis,

260 2292 342 2320 non
362 2277 442 2319 nisi
466 2276 655 2332 improbo
675 2275 818 2318 labore
838 2276 1056 2317 eruimus.*
1079 2273 1085 2276 ‘

307 2461 323 2476 “
351 2461 366 2492 Ι
392 2460 471 2492 here
498 2460 573 2502 give
600 2459 655 2491 the
689 2444 771 2500 copy
799 2458 835 2489 of
854 2458 908 2489 the
944 2457 1083 2499 original
1117 2457 1309 2499 inscription
1340 2457 1373 2488 in
1399 2457 1496 2488 Jesus
1527 2455 1660 2497 College

263 2519 455 2562 Chapelz—

310 2597 379 2628 Hic
405 2598 494 2638 jacet
518 2597 631 2628 Frater
653 2596 822 2627 Johannes
848 2607 855 2625 :
884 2595 935 2626 De
960 2595 1143 2637 Pyrenham
1169 2607 1175 2626 ε
1202 2594 1365 2636 Magister
1389 2606 1396 2624 :
1422 2594 1520 2626 Sacre
1551 2594 1659 2626 Theo·

267 2657 354 2699 logie
379 2669 387 2689 ε
411 2657 579 2699 quondam
598 2656 692 2688 Prior
715 2667 722 2686 :
747 2655 844 2695 hujus
869 2666 876 2685 ε
900 2654 962 2686 1οοί
987 2655 1080 2695 cujus
1104 2666 1112 2685 ι
1137 2654 1257 2686 Anime
1281 2666 1288 2685 ε
1312 2653 1536 2696 propicietur:
1562 2654 1661 2685 Deus.

570 2754 603 2785 ÷
637 2750 788 2782 Moribus
812 2763 819 2781 :
844 2757 958 2781 ornata
981 2762 988 2780 ε
1007 2751 1097 2789 jacet

576 2809 614 2844 -Ι-
636 2812 689 2843 hic
715 2823 721 2841 ε
747 2812 832 2842 bona
858 2822 864 2841 :
891 2811 989 2842 Berta
1013 2822 1020 2842 z
1045 2811 1176 2842 Rosata.

1459 2863 1534 2903 Eu]
