1936 3224
583 229 786 260 conscii
813 230 911 260 Jasu
941 230 1264 260 murmurem.
1568 217 1623 260 35

225 338 363 382 dictus
383 353 476 382 vera
497 339 675 395 scripsit,
695 339 787 382 loco
809 339 916 381 enim
946 355 1069 396 supra
1102 340 1230 383 citato
1258 340 1332 392 ait,
1353 340 1467 397 quod
1496 340 1622 396 hujus

228 409 309 455 Dm
328 412 498 455 consilio
518 418 559 455 et
577 428 697 456 suasu
724 413 956 457 coenobium
975 414 1015 456 in
1043 414 1262 470 collegium
1294 415 1619 460 convertebatur.

284 485 407 529 Aulae
441 501 524 528 suae
565 502 733 539 memor,
765 488 959 530 nonnulla
991 487 1074 530 suis
1105 487 1445 531 Pembrochianis
1484 489 1614 533 dedit.

227 559 392 612 Edidit,
413 565 601 603 narrante
620 560 817 612 Parkero,
850 561 1191 604 introductionem
1222 560 1378 617 logices
1407 569 1448 605 et
1478 562 1617 606 decla-

224 637 419 678 rationem
441 635 555 678 Scoti
577 636 616 678 in
638 636 877 679 secundum.

280 708 320 751 2.
364 709 546 751 Joannes
567 709 803 763 Eccleston,
825 709 979 754 S.T.P.
1002 711 1208 753 secundus
1238 710 1423 753 succedit
1449 710 1616 766 collegii

223 789 359 826 custos
379 784 473 826 22d0
496 784 669 826 Henrici
692 785 758 827 ‘7¹1¹i
788 792 920 827 rector
940 785 1126 827 ecclesiae
1149 784 1395 841 parochialis
1409 784 1463 826 de
1490 784 1613 828 Shel-

222 856 315 899 ford
348 855 463 913 Mag.
488 858 527 900 in
559 858 679 901 Com.
702 857 900 900 cantabr.
933 872 1053 912 quam
1084 859 1125 901 in
1157 873 1298 900 manus
1328 858 1382 902 R.
1397 859 1448 902 P.
1460 859 1612 902 Jacobi

223 930 391 988 Stanley
427 931 605 974 Eliensis
640 932 842 988 Episcopi
876 933 1138 988 resignabat:
1198 933 1442 975 reverendus
1478 941 1614 976 autem

222 1011 354 1061 pater,
375 1004 547 1047 eandem
571 1005 668 1047 huic
686 1005 860 1061 collegio
891 1007 996 1048 uniri
1022 1013 1063 1048 et
1084 1007 1340 1063 appropriari
1359 1007 1472 1058 fecit,
1490 1007 1615 1050 licen-

223 1078 278 1121 tia
308 1094 332 1120 a
365 1079 481 1121 Julio
512 1079 577 1120 2ᾱο
601 1080 730 1135 Papa,
761 1085 803 1122 et
834 1080 1020 1122 Henrico
1041 1081 1116 1122 7¹¹¹⁰
1146 1080 1185 1122 in
1217 1081 1261 1123 id
1291 1081 1405 1137 prius
1432 1081 1616 1133 obtenta,

222 1151 408 1196 Roberto
428 1153 572 1196 Priore
593 1169 685 1196 cum
717 1153 912 1210 capitulo,
944 1162 985 1197 et
1014 1154 1143 1197 Thos.
1177 1154 1363 1197 Alcocke
1390 1155 1614 1199 Archidia-

221 1240 324 1269 cono
344 1226 503 1270 Eliensi
526 1227 871 1270 consentientibus
883 1245 895 1278 3
928 1234 970 1270 et
991 1242 1116 1283 super
1140 1227 1294 1271 dictam
1320 1230 1534 1272 rectoriam
1555 1231 1615 1273 sic

220 1303 543 1357 appropriatam,
565 1300 672 1342 idem
697 1302 749 1344 R.
767 1300 815 1344 P.
840 1317 964 1343 unum
985 1301 1222 1344 sodalitium
1253 1303 1451 1346 fundavit.
1512 1302 1614 1346 Post

219 1374 326 1417 hanc
346 1375 673 1431 resignationem,
695 1375 724 1417 J
728 1390 878 1418 oannes
899 1376 972 1418 diu
993 1376 1130 1418 floruit
1153 1382 1305 1429 custos,
1325 1376 1611 1420 Procancella-

219 1447 278 1491 ria
299 1447 503 1504 dignitate
523 1449 645 1491 etiam
666 1449 784 1492 tertia
809 1449 896 1491 vice
917 1456 1095 1493 ornatus,
1155 1450 1232 1492 Vir
1262 1451 1430 1506 quidem
1451 1452 1506 1494 ad
1535 1452 1610 1494 im-

219 1523 378 1579 perium
398 1529 533 1575 natus,
555 1539 694 1566 verum
723 1528 837 1567 tanto
857 1539 977 1567 onere
1008 1525 1127 1567 toties
1158 1541 1335 1582 pressus,
1356 1526 1478 1569 tertio
1503 1542 1609 1569 anno

219 1596 384 1639 tandem
405 1598 637 1650 succubuit,
661 1613 798 1640 mense
816 1598 1019 1654 siquidem
1044 1599 1167 1642 Febr.
1191 1600 1299 1641 1515
1329 1600 1432 1643 obiit
1462 1601 1611 1643 acade-

218 1670 311 1713 miae
333 1670 698 1723 Procancellarius,
721 1687 799 1713 non
827 1671 956 1715 multa
987 1679 1080 1715 ante
1109 1680 1280 1715 mortem
1310 1673 1499 1731 episcopi
1520 1672 1612 1717 Eli-

217 1744 326 1786 ensis
349 1744 615 1787 cancellarius
636 1745 894 1788 constitutus.

275 1813 352 1857 Vir
373 1815 538 1869 quidem
570 1823 611 1858 et
642 1815 711 1858 ille
738 1815 958 1858 multorum
989 1817 1212 1868 nominum,
1243 1817 1478 1870 Eccleston,
1509 1820 1610 1863 alias

218 1887 458 1940 Ecculston‚
479 1888 579 1932 alias
601 1889 818 1945 Eglyston,
841 1890 941 1932 alias
960 1890 1204 1946 Eggleston,
1226 1897 1286 1934 tot
1309 1907 1456 1948 nempe
1477 1895 1608 1937 nomi-

217 1961 338 2005 nibus
367 1962 615 2006 describitur
635 1963 674 2005 in
697 1963 964 2007 instrumento
986 1965 1182 2020 quodam,
1204 1971 1249 2007 ut
1269 1965 1437 2018 dicitur,
1458 1967 1609 2024 pardo—

216 2036 406 2089 nationis,
427 2051 498 2078 seu
528 2040 736 2094 ἀμνηστίας
760 2038 939 2080 omnium
974 2038 1206 2090 criminum,
1238 2038 1498 2093 delictorum,
1529 2047 1608 2084 etc.

217 2126 409 2154 concesso
439 2111 538 2154 huic
577 2106 647 2154 D'ri
686 2112 923 2165 Eccleston,
973 2128 1129 2156 necnon
1169 2113 1290 2156 sociis
1331 2113 1512 2170 collegii,
1553 2115 1606 2158 ab

218 2186 406 2229 Henrico
424 2187 502 2237 8'0,
524 2201 628 2228 anno
645 2186 760 2242 regni
781 2186 843 2228 sui
867 2186 1013 2243 primo.

272 2263 313 2304 3.
345 2261 513 2303 Tertius
532 2261 585 2303 ab
601 2260 693 2316 ipsa⁴
722 2259 962 2303 fundatione
993 2261 1224 2317 praefectus,
1256 2262 1309 2304 ab
1340 2262 1431 2319 ipso
1461 2264 1609 2306 funda-

216 2342 304 2378 tore
323 2334 632 2390 cognominatus
646 2340 722 2386 est,
737 2340 779 2376 et
799 2349 850 2376 ex
865 2334 1012 2376 eadem
1031 2335 1185 2377 familia
1206 2335 1404 2378 oriundus
1424 2337 1608 2381 Thomas

216 2409 419 2462 Alcocke,
458 2408 611 2452 LL.D.
647 2409 979 2452 Archidiaconus
1014 2409 1195 2453 Eliensis
1223 2426 1346 2468 supra
1376 2413 1607 2457 nominatus

215 2481 417 2525 admissus
436 2488 522 2524 erat
548 2482 676 2523 1515:
713 2489 753 2524 et
775 2496 878 2523 anno
899 2481 1080 2524 nondum
1111 2490 1275 2535 exacto,
1297 2485 1532 2539 magisterio
1563 2502 1606 2529 se

215 2555 438 2599 abdicavit.

271 2630 312 2672 4.
343 2629 578 2673 Gulielmus
599 2631 761 2686 Capon,
779 2629 932 2673 S.T.P.
957 2629 1026 2671 Dri
1046 2630 1233 2673 Alcocke
1245 2633 1452 2676 successit.
1486 2634 1607 2677 Unus

214 2710 302 2747 erat
319 2710 582 2747 executorum
604 2704 775 2746 Ricardi
796 2704 936 2746 Reade
966 2704 1119 2757 militis,
1152 2706 1298 2747 summi
1329 2708 1604 2750 communium

215 2779 459 2836 placitorum
485 2779 710 2834 justitiarii.
768 2779 856 2829 Qui
887 2780 1054 2836 quidem
1088 2781 1294 2823 Ricardus
1320 2787 1400 2825 tres
1430 2783 1470 2825 in
1492 2784 1605 2826 Aca-

215 2851 352 2896 demia
379 2853 569 2905 lecturas,
592 2868 714 2896 unum
747 2854 785 2896 in
822 2853 900 2896 hoc
931 2854 1106 2911 collegio
1137 2855 1371 2898 sodalitium
1403 2857 1604 2909 fundavit,
