1936 3224
563 223 767 252 conmori
799 223 897 251 „issu
919 223 1240 252 CANTABmGrAE.
1549 212 1598 252 31

208 332 350 376 matris
375 332 605 375 subsidium
635 332 783 383 vocati,
804 331 891 374 laeti
920 331 1157 387 alacresque
1190 339 1420 375 accurrunt.
1482 333 1600 383 Quo-

208 421 298 449 rum
318 407 482 449 nomina
501 421 676 462 sequens
696 406 908 460 catalogus
929 406 1060 449 dabit.

209 498 374 531 Robertus
394 499 546 540 Morgan,
563 499 677 531 S.T.P.
702 499 887 542 Episcopus
922 499 1022 530 Leon.
1043 499 1228 538 Litchfield,
1251 500 1344 532 A.M.

254 559 521 591 Banchoriensis.
923 559 1013 591 Paul.
1032 560 1219 598 Lawrence,
1237 561 1328 592 A.M.

207 617 353 649 Joannes
369 617 564 654 Goodricke,
634 618 657 659 Ἰ
920 620 971 651 Jo.
999 621 1154 658 Pearson,
1180 621 1295 652 S.T.B.
1328 620 1459 662 collegii
1491 627 1602 653 custos

206 678 262 710 Jo.
275 677 429 718 Dawney,
446 682 451 687 ⁴
648 662 670 747 l}
685 704 818 736 milites·
966 679 1039 710 coll.
1057 680 1088 710 S,
1107 680 1200 711 Trin.
1220 680 1408 712 Praefectus.

206 739 260 770 Jo.
277 738 390 780 Poley,
919 740 938 771 J
942 751 986 771 os.
1020 740 1208 778 Beaumont‚
1241 741 1356 772 S.T.B.
1387 741 1460 773 coll.
1492 748 1603 774 custos

207 800 295 834 Guil.
312 801 451 843 Doyley,
632 751 656 831 j
964 801 1013 837 18,
1030 806 1139 831 custos
1155 799 1231 831 coll.
1250 800 1350 832 Petri.

206 877 249 883 —
270 860 403 898 Winne,
418 860 531 891 S.T.P.
556 860 732 892 canonicus
756 859 884 902 Asaph-
919 859 1016 890 Thos.
1049 859 1224 901 Stephens,
1262 860 1377 891 S.T.P.
1415 867 1523 892 rector
1560 861 1601 894 de

251 921 349 952 ensis.
962 918 1031 949 Fen
1050 919 1181 950 Ditton.

207 982 289 1014 Geo.
306 982 430 1019 Evans‚
453 982 567 1013 S.T.P.
591 981 768 1012 canonicus
792 980 885 1012 Win-
919 978 997 1009 Gul.
1024 978 1137 1015 Paine,
1155 979 1253 1010 A.M.

251 1042 415 1074 soriensis.
921 1039 982 1069 Ed.
1002 1038 1208 1078 Blaickston,
1226 1040 1320 1071 A.M.

210 1101 298 1133 Heu.
317 1101 432 1140 Hitch,
450 1102 562 1133 LL.D.
589 1101 733 1133 Eliensis
757 1102 886 1133 cancel·
924 1099 1011 1130 Hen-
1030 1099 1139 1137 Beale,
1156 1099 1249 1131 A.M.
1267 1101 1387 1132 socius.

251 1162 366 1195 larius,
924 1159 1023 1200 Hugu
1048 1159 1157 1200 Hoyd,
1179 1160 1296 1191 S.T.B.
1320 1160 1411 1192 vicar
1434 1161 1475 1193 de
1499 1162 1601 1193 Ford-

208 1222 307 1254 Thos.
326 1223 440 1261 Hitch,
468 1223 558 1255 A.M.
580 1223 727 1254 ecclesiae
743 1222 888 1254 Eliensis
963 1218 1050 1255 ham,
1068 1225 1176 1250 rector
1191 1221 1232 1252 de
1249 1219 1442 1262 eheaveley.

251 1293 355 1315 canon
369 1283 485 1315 minor.
920 1277 1018 1309 Thos-
1039 1279 1141 1316 Buck,
1159 1279 1309 1321 armiger,
1327 1280 1484 1313 hedenus.

266 1386 434 1429 Horum
455 1386 632 1428 virorum
647 1384 993 1441 pientissimorum
1016 1386 1304 1430 munificentiae
1326 1389 1498 1444 pulchre
1510 1390 1604 1434 Deo

207 1460 420 1504 foeneratae
437 1459 652 1511 debemus,
674 1459 788 1514 quod
815 1474 1049 1515 supremum
1071 1475 1218 1502 numen
1249 1461 1289 1504 in
1316 1462 1604 1518 splendoribus

208 1534 438 1578 sanctitatis
458 1535 640 1577 colamus
673 1530 884 1588 ευχεμόνως
912 1552 972 1574 και
1000 1538 1216 1586 θεοπρεπῶς.

267 1610 381 1653 Illud
410 1625 504 1653 vero
534 1625 612 1652 non
644 1611 971 1667 praetereundem
992 1622 1068 1663 est,
1101 1613 1213 1668 quod
1245 1621 1381 1666 aucto,
1413 1623 1604 1675 utsupra

209 1684 404 1735 diximus,
425 1684 627 1727 sociorum
653 1690 696 1726 et
725 1684 973 1727 scholarium
1003 1701 1188 1737 numero,
1219 1687 1470 1732 studentium
1501 1707 1604 1747 quo-

210 1774 291 1816 que
310 1774 501 1802 numerus
522 1760 563 1802 in
583 1766 740 1803 tantum
762 1764 903 1814 crevit,
917 1768 962 1804 ut
982 1762 1175 1805 studendi
1199 1764 1314 1807 locus
1332 1781 1410 1808 non
1427 1766 1604 1823 amplius

209 1842 456 1892 superesset,
488 1850 698 1892 musaeque
735 1838 928 1879 Jesuanae
963 1843 1139 1892 augusto
1176 1839 1444 1883 claustrorum
1474 1841 1604 1885 limite

210 1908 413 1952 conclusae
450 1915 681 1953 aestuarent.
743 1911 1025 1961 Quamobrem
1057 1913 1165 1955 circa
1195 1915 1389 1959 an.1637
1420 1932 1604 1960 reveren-

209 1981 288 2024 dus
319 1982 395 2034 vir,
430 1982 560 2025 felicis
589 1983 885 2026 recordationis
916 1990 1056 2027 custos
1087 1985 1147 2027 Dr
1179 1987 1340 2039 Sterne,
1373 1989 1444 2044 qui
1478 1990 1605 2033 hodie

146 2057 148 2059 ’
208 2055 354 2098 merito
384 2056 501 2099 audit
530 2057 776 2100 reverendus
805 2058 1142 2115 archiepiscopus
1177 2060 1469 2115 Eboracensis,
1506 2080 1604 2107 una-

209 2143 301 2171 cum
323 2129 492 2186 collegii
517 2131 639 2174 sociis
659 2131 927 2187 dignissimis,
950 2132 1002 2174 de
1023 2148 1228 2175 musarum
1259 2134 1428 2178 sedibus
1457 2138 1604 2194 ampli-

209 2203 432 2255 andis,-de
466 2219 571 2247 novo
610 2206 686 2247 viz.
720 2205 898 2248 aediflcio
937 2206 980 2248 in
1020 2207 1124 2248 atrio
1165 2208 1358 2252 exteriori
1396 2211 1603 2266 ponendo,

209 2278 379 2321 consilia
397 2279 553 2330 ineunt,
1068 2270 1076 2274 l

620 2357 768 2393 Quorum
790 2357 967 2390 virtutibus
983 2359 1090 2391 obstat

514 2416 581 2448 Res
604 2423 741 2459 augusta
763 2418 853 2449 domi
877 2436 960 2442 -—

267 2484 420 2540 Neque
453 2492 588 2528 tamen
624 2486 678 2529 ab
711 2486 883 2528 honesto
924 2495 965 2530 et
999 2502 1197 2543 generoso
1233 2489 1353 2546 plane
1394 2493 1606 2548 proposito

209 2559 346 2601 statim
370 2559 637 2611 divelluntur,
660 2560 734 2602 sed
755 2560 885 2602 literis
901 2560 1177 2617 supplicibus,
1198 2563 1329 2606 suada
1358 2571 1399 2607 et
1426 2566 1607 2611 medulla

210 2631 358 2688 plenis,
394 2633 712 2676 clarissimorum
745 2633 923 2675 virorum
954 2633 1098 2689 (hujus
1133 2635 1297 2691 collegii
1331 2637 1604 2697 alumnorum)

210 2706 367 2749 animos
388 2707 440 2749 ad
462 2706 803 2749 benefaciendum
824 2707 966 2749 faciles
987 2707 1234 2753 demulcent.
1282 2710 1466 2767 Roganti
1487 2715 1606 2757 matri

210 2786 252 2822 et
280 2780 453 2836 penuria
482 2780 701 2832 laboranti,
736 2781 982 2837 pientissimi
1012 2781 1087 2825 filii
1122 2784 1388 2839 pecuniarum
1429 2803 1608 2831 summas

210 2850 334 2908 plena
354 2868 477 2895 manu
497 2853 754 2910 impertiunt.
