1936 3224
595 193 797 241 coLLEou
827 211 926 240 Jsssu
956 210 1283 247 CANTABRIGIAE,
1571 200 1628 241 43

297 319 369 363 Ab
388 319 534 363 eodem
564 320 730 363 domino
760 324 801 362 et
830 326 1004 378 patrono
1033 321 1245 377 episcope,
1267 336 1291 362 a
1313 334 1396 376 quo
1426 320 1524 363 olim
1545 319 1632 364 rec-

240 394 342 437 toria
361 394 415 436 de
435 394 698 437 Westerfield
727 394 768 436 in
789 394 910 438 Com.
932 393 1102 437 Suffolc.
1134 393 1308 436 donatus
1335 400 1438 446 erat,
1470 395 1631 438 institu-

238 474 305 511 tus
325 475 468 525 postea
491 468 532 510 in
553 468 768 510 rectoriam
798 467 852 509 de
883 466 1110 510 Glensford
1138 467 1179 510 in
1211 467 1330 511 Com.
1363 468 1491 520 dicto,
1521 473 1562 511 et
1590 469 1632 511 in

239 542 453 585 rectoriam
491 542 544 584 de
585 541 792 585 Snailwell
829 542 870 584 in
903 542 1020 584 Com.
1057 541 1252 584 cantabr.
1287 541 1498 585 dioceseos
1534 559 1631 586 vero

239 615 572 659 Nordovicensis.

296 689 372 733 Vir
392 691 559 746 quidem
598 689 650 732 de
683 704 780 745 rege
807 689 974 740 Carolo,
1006 695 1087 731 tam
1118 689 1265 745 primo,
1298 705 1421 745 quam
1451 692 1631 734 secundo

238 765 345 809 bene
365 766 533 808 meritus
554 780 727 821 quorum
748 764 936 806 nimirum
967 763 1115 820 gratie,
1136 780 1215 807 non
1244 765 1284 807 in
1308 765 1459 822 Anglia
1489 768 1630 819 modo,

237 854 377 881 verum
414 839 454 882 in
495 839 637 881 ultima
677 838 815 881 Thule
855 839 931 881 sub
972 837 1245 881 illustrissimo
1285 840 1433 883 comite
1472 830 1631 884 Montis

238 913 443 956 Rosarum

669 988 777 1019 Multa
798 988 874 1020 tunt
887 979 1137 1030 fecitq'ue--.

296 1082 429 1125 Novis
450 1082 582 1124 indies
601 1081 774 1124 vinculis
793 1086 976 1133 onustus,
998 1082 1115 1136 quasi
1140 1081 1263 1124 nullis
1294 1082 1436 1134 teneri,
1460 1082 1512 1124 de
1543 1098 1630 1125 car-

238 1172 330 1200 cere
350 1157 389 1199 in
412 1171 615 1199 carcerem
636 1163 792 1212 raptus,
824 1155 941 1212 quasi
970 1154 1084 1197 nullo
1110 1154 1248 1198 claudi
1278 1162 1449 1212 poterat.
1513 1155 1629 1207 Quo-

237 1246 326 1274 rum
375 1237 509 1273 tamen
558 1230 623 1273 vel
673 1231 763 1286 ipsa
813 1230 976 1273 nomina
1012 1236 1198 1272 catenam
1237 1229 1495 1283 conficerent,
1536 1245 1628 1287 quae

238 1305 470 1348 mehercule
490 1304 553 1347 vel
574 1305 708 1361 ipsum
732 1304 959 1348 Herculem
980 1305 1311 1360 constringerent.

295 1378 448 1421 Verum
471 1384 531 1420 tot
551 1378 756 1433 tantisque
783 1377 915 1426 malis,
938 1393 1031 1420 cum
1062 1378 1170 1421 bono
1192 1378 1287 1421 Deo
1308 1386 1487 1436 ereptus,
1518 1386 1559 1422 et
1576 1381 1630 1423 ad

239 1452 384 1495 Musas
418 1467 615 1503 reversus,
658 1452 875 1508 collegium
916 1453 995 1494 hoc
1034 1459 1215 1495 nostrum
1245 1453 1444 1496 demereri
1478 1454 1627 1511 pergit.

239 1527 409 1584 Organa
429 1528 688 1584 pneumatica
708 1534 937 1585 temporum
958 1528 1164 1571 discordia
1200 1527 1356 1571 difflata
1377 1530 1627 1572 instauravit.

240 1602 375 1658 Super
393 1601 520 1644 altare
541 1601 727 1653 Domini,

581 1699 610 1717 “
627 1692 787 1735 Pateris
805 1691 950 1734 libavit
970 1697 1012 1735 et
1033 1707 1143 1734 auro.

467 1770 539 1812 Sic.
561 1783 641 1810 una
661 1767 888 1823 eademque
917 1767 1011 1809 aula
1031 1766 1360 1811 Pembrochiana

466 1844 759 1900 Magistrorum
782 1844 952 1887 chorum
974 1849 1015 1886 et
1037 1843 1152 1886 ducit
1171 1850 1212 1886 et
1231 1842 1429 1887 claudit.'’

873 2280 1000 2310 FINIS.

441 2891 709 2915 CANTABRIGIAEt
749 2893 982 2920 Excunnmm'r
1006 2897 1191 2920 METCALFE
1217 2896 1259 2919 ΕΤ
1288 2897 1439 2919 PALMER.
