1936 3224
321 229 376 270 42
898 242 1099 270 msroam

321 353 500 397 Eliensis
522 354 752 403 canonicus,
774 359 907 395 rector
935 354 1118 396 ecclesiae
1142 354 1345 398 donativae
1377 356 1430 398 de
1453 356 1631 400 Emneth
1660 357 1702 400 in

322 427 447 469 insul&
481 427 648 478 Eliensi,
669 428 794 483 regiae
826 427 1057 481 Majestatis
1083 444 1106 470 a
1136 429 1274 480 sacris,
1307 429 1348 471 in
1383 429 1507 484 hujus
1541 429 1705 487 collegii

321 501 604 557 praefecturam
644 501 836 544 inductus
875 508 961 543 erat
1021 501 1070 543 13
1108 501 1265 545 calend.
1301 503 1436 559 April.
1465 505 1586 557 1662,
1622 519 1705 561 quo

321 575 442 617 etiam
472 591 575 618 anno
605 582 735 618 rector
765 575 947 618 ecclesiae
976 575 1028 618 de
1064 576 1324 631 Cunnington
1352 577 1392 619 in
1421 578 1538 620 Com.
1577 578 1701 621 Cant.

320 649 615 692 instituebatur.

376 722 531 765 Verum
561 722 719 765 radices
753 723 856 766 inter
875 739 948 765 nos
968 724 1034 766 vix
1065 723 1163 765 dum
1193 729 1347 779 egerat,
1379 739 1470 766 cum
1499 725 1554 768 ad
1573 726 1705 768 solum
1752 752 1755 756 -

322 796 470 848 natale,
492 812 623 853 nuper
647 797 960 853 impinguatum,
992 798 1165 839 instante
1195 813 1287 839 vere
1318 798 1645 851 transferebatur,
1664 806 1706 842 et

320 869 555 912 cathedram
576 871 620 914 S.
636 870 750 913 Petri
765 886 844 913 non
865 877 946 913 tam
963 872 1161 927 primatus
1181 871 1390 914 desiderio
1417 877 1563 923 motus,
1582 886 1704 928 quam

322 944 555 986 Reverendi
575 945 701 1001 patris
721 945 918 988 voluntati
939 945 1238 1002 obtemperans,
1260 945 1573 988 conscendebat.
1635 945 1706 988 Sic

320 1016 474 1072 palma,
496 1018 711 1076 iniquitate
732 1025 961 1074 temporum
991 1019 1134 1060 durius
1152 1019 1192 1060 in
1207 1018 1394 1061 Petrensi
1415 1018 1535 1061 horto
1550 1033 1704 1075 pressa,

320 1091 441 1134 altius
461 1091 630 1144 enitens,
652 1092 795 1134 eadem
816 1092 921 1134 inter
941 1092 1123 1148 pomaria
1143 1098 1267 1148 caput
1289 1092 1453 1134 demum
1475 1092 1634 1135 extulit.

371 1164 485 1207 Dum
506 1166 611 1207 inter
630 1180 703 1208 nos
723 1171 993 1207 commoratus
1014 1171 1090 1217 est,
1107 1164 1300 1207 sacellum
1320 1165 1484 1221 collegii
1505 1165 1706 1221 sacrilegii

318 1255 440 1282 manu
463 1241 636 1297 turpiter
666 1240 860 1283 violatum
889 1240 1023 1282 ornari
1043 1240 1200 1282 curavit
1229 1245 1466 1297 εὐσχημόνως
1486 1246 1543 1283 καὶ
1559 1247 1704 1294 θεοπρε-

321 1322 407 1365 πῶς,
429 1314 556 1356 altare
584 1330 638 1356 sc.
662 1313 832 1357 Domini
857 1314 1110 1366 instauravit,
1141 1314 1269 1356 serico
1295 1319 1495 1370 apparatu
1525 1328 1703 1356 mensam

319 1388 430 1431 illam
460 1404 614 1431 sacram
650 1389 790 1431 stravit
821 1395 862 1431 et
895 1389 1223 1444 peripetasmatis
1248 1387 1387 1430 sericis
1416 1386 1702 1429 circumduxit.

321 1463 506 1506 Dimisso
525 1463 698 1518 collegio
714 1462 870 1505 dimisit
889 1463 1012 1505 etiam
1030 1462 1245 1505 rectoriam
1266 1462 1319 1503 de
1342 1461 1622 1516 cunnington,
1643 1460 1705 1503 in-

321 1537 486 1579 stitutus
502 1537 542 1579 in
565 1535 778 1579 rectoriam
799 1535 852 1578 de
867 1535 1116 1578 Teversham
1137 1540 1178 1576 et
1191 1535 1231 1577 in
1249 1534 1464 1578 rectoriam
1480 1535 1534 1577 de
1553 1533 1704 1591 Barley

319 1613 359 1654 in
381 1612 497 1654 Com.
520 1609 734 1654 Hertford.

377 1685 453 1727 Vir
482 1684 649 1740 quidem
670 1685 806 1728 Musis
835 1685 1095 1737 clarissimus,
1126 1699 1273 1741 poema
1301 1683 1449 1735 edidit,
1470 1683 1583 1739 quod
1603 1682 1702 1726 Mu·

320 1776 452 1802 sarum
474 1759 549 1802 filii
579 1760 766 1803 manibus
797 1761 879 1803 suis
909 1760 1065 1802 dudum
1085 1767 1308 1812 versarunt,
1330 1759 1491 1816 Psyche
1521 1760 1701 1802 dictum:

318 1850 464 1891 poema
492 1835 726 1877 inscribitur
746 1824 965 1878 Francisco
996 1834 1238 1886 Beaumont,
1269 1834 1310 1876 in
1339 1833 1541 1876 nonnullis
1564 1849 1702 1876 exem-

319 1909 516 1964 plaribus,
537 1908 695 1951 incuria
713 1909 983 1965 impressoris,
1006 1908 1153 1950 author
1171 1914 1306 1951 autem
1328 1915 1415 1950 erat
1433 1907 1668 1963 Josephus:

575 2001 646 2032 Hos
662 2001 714 2032 hic
732 2001 906 2032 versiculos
920 2000 1006 2038 fecit,
1023 2000 1099 2032 tulit
1114 2000 1195 2032 alter
1211 2001 1358 2032 honores.

374 2076 614 2119 Tractatum
643 2076 809 2132 insuper
842 2075 989 2128 edidit,
1024 2082 1162 2119 contra
1191 2076 1343 2118 novitia
1373 2075 1562 2131 quaedam
1597 2075 1701 2131 dog·

318 2157 427 2192 mata
447 2150 600 2192 domini
622 2150 797 2193 Henrici
828 2151 967 2203 Mori3
1009 2166 1061 2194 ex
1085 2165 1167 2206 quo
1200 2150 1331 2192 discat
1360 2149 1503 2198 lector,
1525 2155 1700 2204 quantus

318 2225 370 2267 sit
389 2223 620 2280 theologus,
643 2230 684 2267 et
704 2240 828 2281 quam
848 2239 1063 2280 germanus
1083 2224 1265 2267 ecclesiae
1287 2223 1530 2279 Anglicanae
1551 2222 1670 2266 filius.

372 2298 431 2341 Et
446 2300 531 2353 jam
553 2298 716 2341 tandem
732 2303 826 2354 post
843 2303 905 2340 tot
923 2312 1118 2340 annorum
1136 2296 1397 2348 curriculum,
1413 2296 1561 2339 anhelo
1580 2310 1699 2339 cursu

316 2388 537 2424 emensum,
558 2372 681 2415 liceat
700 2373 850 2429 pedem
870 2372 999 2428 probe
1019 2372 1183 2423 lassum,
1212 2386 1261 2413 eo
1282 2370 1390 2412 unde
1411 2371 1585 2426 primum
1613 2384 1696 2411 mo-

315 2461 409 2488 vere
429 2452 612 2502 coeperat
631 2445 794 2496 referre,
823 2452 864 2488 et
878 2445 1034 2488 ibidem
1054 2444 1207 2488 sistere.

376 2521 439 2564 19.
471 2520 718 2565 Edmundus
749 2520 946 2573 Boldero,
982 2519 1135 2563 S.T.P.
1168 2520 1290 2563 dictae
1331 2519 1434 2561 auloe
1468 2518 1616 2569 socius,
1657 2517 1696 2560 in

314 2594 456 2649 Burgo
493 2596 536 2638 S.
559 2594 773 2638 Edmundi
811 2594 980 2638 Suffolc.
1018 2596 1058 2637 in
1093 2609 1191 2651 agro
1220 2598 1352 2644 natus,
1381 2592 1422 2634 in
1451 2590 1621 2635 ecclesia
1652 2591 1695 2634 S.

315 2668 526 2711 Laurentii
559 2668 877 2724 Gippovicensis
901 2667 999 2711 olim
1029 2667 1302 2718 concionator,
1333 2674 1464 2708 rector
1494 2665 1547 2707 de
1584 2665 1696 2708 Har—

314 2742 458 2784 kested
476 2742 517 2783 in
538 2741 684 2784 eodem
704 2741 840 2793 Com„
862 2741 1054 2783 mandato
1084 2747 1125 2783 et
1144 2739 1362 2783 collatione
1384 2738 1560 2781 Mathaei
1588 2736 1696 2793 epis-

315 2816 408 2872 copi
430 2814 635 2872 praedicti,
655 2814 780 2870 hujus
816 2815 980 2871 collegii
1011 2813 1335 2858 undevicesimus
1365 2819 1405 2855 et
1435 2812 1600 2856 ultimus
1624 2811 1696 2869 qui

311 2890 508 2933 hactenus
533 2904 582 2932 eo
615 2889 735 2933 titulo
758 2888 895 2932 floruit
923 2894 1073 2941 custos,
1105 2893 1222 2931 sexto
1251 2887 1327 2930 cal.
1349 2886 1455 2930 Maii
1481 2886 1603 2938 1663,
1635 2885 1695 2928 in-

309 2967 457 3010 ductus
475 2971 574 3008 erat.
