1962 3360
378 296 404 336 2
975 312 1179 341 ΗιετοκιΑ

438 419 509 462 Ab
542 420 686 462 iisdem
716 435 840 477 quoq.
867 421 1136 477 scriptoribus
1165 422 1360 465 traditum
1390 425 1640 480 accepimus,
1671 423 1770 466 Coe-

382 493 547 535 nobiam
590 494 812 537 velatarum
851 495 1070 551 virginum,
1119 496 1382 552 professionis
1418 499 1462 540 S.
1499 496 1774 554 Radegundis

384 566 423 608 in
459 566 555 619 hoc,
592 569 704 624 quod
740 569 955 611 incolimus
991 584 1197 612 musarum
1232 570 1500 622 domicilium,
1537 570 1772 627 Collegium

383 639 485 682 Jesu
501 641 624 697 vulgo
645 649 939 699 nuncupatum,
956 645 1259 700 commigrasse.
1321 644 1390 687 De
1404 645 1483 686 hoc
1498 645 1637 700 itaque
1659 643 1771 688 Coll.

385 713 551 766 dicturi,
565 730 648 770 quo
661 731 743 758 rem
759 716 863 759 alius
879 725 1126 774 repetamus,
1141 718 1194 760 de
1215 719 1408 762 coenobio
1421 720 1466 763 S.
1483 717 1772 775 Radegundis,

385 788 438 830 de
458 790 642 843 ejusdem
664 799 771 843 ortu,
791 793 1052 844 incremento,
1071 799 1112 835 et
1122 809 1268 836 occasu
1287 794 1452 836 demum
1470 793 1647 851 paucula
1664 807 1772 850 prae-

384 862 477 915 fari,
500 878 709 908 necessum
731 867 941 910 habemus.

444 938 639 981 Coenobii
662 940 858 995 originem
875 941 988 996 quod
1008 942 1167 994 attinet,
1190 957 1424 998 quanquam
1445 943 1605 985 cellulae
1626 943 1773 986 molem

385 1011 576 1067 primitus
606 1028 684 1055 non
714 1015 933 1070 superabat
962 1015 1241 1058 fundationem
1274 1016 1558 1072 perantiquam
1589 1023 1631 1059 et
1659 1016 1773 1059 illus-

386 1090 488 1127 trem
509 1086 587 1128 sibi
609 1087 812 1130 vendicat.

445 1160 713 1204 Malcolmum
761 1164 851 1204 4ἲιιῐῃ
902 1163 1085 1218 (Thoma
1125 1163 1437 1219 Walsingharno
1487 1162 1773 1215 Malcolmum,

386 1234 640 1278 Buchanano
661 1235 995 1288 Milcolumbum,
1018 1237 1190 1287 dictum,
1215 1252 1238 1278 e
1254 1238 1371 1291 cujus
1391 1236 1547 1279 familia
1567 1236 1596 1278 J
1599 1236 1774 1279 acobum

390 1310 530 1354 Seren.
552 1311 647 1354 Car.
667 1313 734 1354 2⁶¹³.
757 1327 892 1362 avum,
915 1311 1145 1368 Anglorum
1165 1311 1330 1367 Regens
1344 1311 1561 1354 oriundum
1577 1316 1776 1353 memorat

392 1385 645 1437 Camdenus,
677 1387 794 1441 cujus
819 1387 941 1429 etiam
971 1387 1269 1442 genealogiam,
1293 1387 1418 1443 longa
1439 1393 1633 1443 nepotum
1654 1386 1774 1437 serie,

390 1478 413 1503 a
434 1461 661 1505 Malcolmo
681 1463 733 1505 ad
755 1463 784 1505 J
787 1463 961 1505 acobum
982 1478 1113 1519 usque
1134 1463 1354 1505 deductam
1374 1462 1452 1519 ipsi
1473 1461 1670 1514 vidimus)
1690 1460 1775 1504 Re-

388 1553 482 1594 gem
505 1539 719 1582 Scotorum
751 1539 1028 1582 Fundatorem
1057 1553 1173 1581 suum
1195 1538 1405 1581 Prioratus
1426 1538 1469 1580 S.
1493 1536 1600 1579 Rad.
1617 1551 1778 1593 semper

389 1612 568 1667 agnovit.
615 1613 703 1654 Hic
723 1612 928 1668 siquidem
950 1612 1060 1664 Rex,
1080 1611 1230 1654 virtute
1249 1611 1379 1667 magis
1398 1625 1521 1666 quam
1542 1614 1663 1652 aetate
1682 1624 1777 1666 pro-

389 1692 530 1728 vectus
559 1687 701 1741 (quem
723 1686 840 1729 Guil.
863 1686 1078 1742 Newbrig.
1100 1686 1260 1742 Regem
1282 1684 1544 1727 christianiss.
1571 1682 1775 1740 appellat)

389 1759 502 1802 carta
541 1775 613 1802 sua
649 1761 763 1815 regio
802 1759 1029 1816 diplomate
1059 1760 1227 1811 munita,
1275 1759 1316 1801 in
1362 1758 1542 1814 Collegii
1582 1757 1777 1801 Archivis

389 1842 638 1885 conservata,
661 1835 909 1877 innominato
930 1850 1025 1877 vero
1044 1835 1126 1886 die,
1144 1842 1188 1877 ut
1205 1834 1330 1876 moris
1346 1842 1444 1876 tunc
1459 1839 1563 1884 erat,
1589 1834 1641 1875 10
1661 1847 1777 1875 acras

387 1916 506 1951 terrae
519 1909 763 1952 monialibus
771 1910 824 1952 de
837 1909 1148 1965 Grantebridge
1162 1910 1299 1964 (cujus
1314 1908 1460 1965 oppidi
1469 1907 1661 1951 dominus
1672 1913 1775 1959 erat,

388 1989 533 2039 utpote
562 1984 712 2026 Comes
742 1984 949 2039 Hunting.
971 1990 1012 2026 et
1036 1984 1256 2039 Cantabr.)
1273 1983 1393 2037 juxta
1414 1980 1662 2025 Greencroft
1681 1995 1777 2024 con-

390 2057 525 2108 cessit,
557 2057 596 2099 in
620 2064 859 2114 perpetuam
881 2057 1177 2113 eleemosynam
1199 2056 1252 2099 ad
1273 2054 1523 2098 fundandam
1545 2054 1777 2099 Ecclesiam

391 2145 502 2172 suam
524 2130 863 2182 Conwntualem,
886 2130 964 2172 sub
998 2129 1164 2173 redditu
1186 2144 1319 2171 annuo
1339 2128 1513 2170 duorum
1535 2127 1777 2180 solidorum,

389 2207 443 2250 ad
465 2207 592 2249 altare
612 2207 798 2262 ejusdem
819 2206 1024 2249 Ecclesiae
1045 2205 1345 2249 solvendorum.

447 2281 591 2336 Hujus
610 2280 842 2322 donationis
866 2278 1098 2331 Malcolmi‚
1116 2286 1200 2322 tum
1223 2278 1390 2321 Rotulae
1411 2279 1558 2322 Turris
1578 2277 1712 2321 Lond.
1736 2279 1777 2321 in

391 2355 584 2398 Comitat.
634 2354 858 2409 Hunting.‚
908 2361 995 2395 tum
1035 2352 1298 2395 Monasticon
1341 2351 1469 2408 Angl.
1507 2353 1776 2396 meminerint.

389 2432 509 2475 Idem
539 2430 789 2474 Malcolmus
811 2431 904 2473 Rex
934 2435 1042 2473 carta
1074 2430 1146 2472 sua
1175 2428 1353 2472 secunda
1383 2432 1495 2483 (sans
1525 2428 1642 2482 date)
1671 2443 1779 2486 prae-

390 2506 522 2548 dictas
549 2511 676 2548 terras
705 2505 952 2548 monialibus
986 2504 1271 2556 confirmabat,
1301 2518 1394 2546 cum
1415 2502 1666 2546 relaxatione
1686 2502 1779 2546 red·

390 2580 502 2622 ditus
531 2581 654 2622 annui
674 2579 920 2636 supradicti,
950 2579 1199 2633 easdemque
1218 2577 1271 2620 ab
1292 2577 1402 2619 omni
1422 2576 1587 2619 servitio
1606 2575 1782 2619 seculari

386 2655 538 2697 liberas
558 2663 599 2697 et
621 2654 782 2710 quietas
803 2668 894 2695 esse
911 2653 1047 2707 jussit.
1110 2651 1180 2694 De
1196 2650 1435 2693 fundatione
1453 2650 1595 2706 itaque
1618 2649 1780 2692 Domus

394 2729 437 2771 S.
462 2727 768 2783 Rhadegundis
799 2727 944 2783 liquet,
973 2741 1111 2769 verum
1134 2726 1188 2768 de
1209 2723 1459 2768 fundationis
1488 2731 1672 2780 tempore
1699 2737 1780 2766 non

390 2803 501 2846 item.

451 2876 647 2931 Nuper-us
671 2875 841 2931 quidam
872 2874 1059 2930 Scriptor
1090 2873 1146 2916 D.
1174 2871 1364 2916 Fullerus
1389 2871 1544 2914 dictum
1570 2868 1781 2913 Monaste-

393 2950 496 2993 rium
534 2951 577 2993 S.
602 2949 710 2991 Rad.
735 2964 810 3006 per
832 2947 1101 2991 Malcolmum
1127 2947 1168 2990 4.
1202 2945 1364 3001 Regem
1384 2960 1446 2988 an.
1477 2944 1582 2986 1133
1602 2941 1781 2999 positum
