1936 3224
593 221 796 250 consen
827 221 925 249 Jsssu
957 220 1281 249 cANTABmGlAE.
1581 209 1638 250 25

297 331 546 389 Magistrum
569 338 704 374 autem
725 338 766 373 et
786 330 919 373 socios
939 330 1033 373 coll.
1055 330 1084 372 J
1087 345 1158 372 esu
1190 330 1287 373 fidei
1319 331 1633 383 commissarios,

240 406 292 450 ad
316 405 473 449 reditus
493 404 765 460 colligendos,
794 412 835 447 et
856 405 911 447 ad
941 404 1137 447 solvenda
1157 405 1454 448 Praelectorurn
1480 405 1634 461 stipen—

240 481 311 524 dia
330 479 554 523 constituit.

294 554 475 597 Joannes
507 553 711 596 Andrews
732 553 919 605 clericus,
951 560 1084 596 rector
1121 554 1175 596 de
1207 554 1417 597 Waltham
1440 554 1559 611 Mag.
1591 555 1633 597 in

239 627 430 678 Essem,
463 634 505 670 et
533 627 754 670 canonicus
778 627 994 679 Paulinus,
1017 627 1175 670 firmam
1206 635 1335 671 vocat.
1361 628 1401 671 le
1424 629 1633 672 Richards

237 702 278 744 in
315 717 424 758 pago
445 701 559 745 over
588 702 716 753 dicto,
753 701 807 744 ad
838 702 942 744 duos
973 702 1193 753 scholares,
1231 709 1272 744 et
1309 709 1436 745 terras
1467 718 1560 745 suas
1590 703 1631 745 in

238 773 567 831 Steplemorden,
589 775 644 817 ad
674 775 780 818 duos
802 775 935 818 socios
954 775 1244 818 sustentandos
1265 776 1373 818 circa
1401 778 1499 818 2d¹¹¹¹¹
1520 776 1629 819 Edv.

236 848 286 889 6t¹
306 863 456 890 annum
477 848 652 891 moriens
673 849 803 891 dedit.

291 922 474 965 Joannes
515 922 672 966 Reston
707 922 862 967 S.T.P.
901 923 1066 979 collegii
1092 924 1241 975 socius,
1280 929 1417 966 custos
1447 925 1630 980 quintus,

236 996 439 1040 sociorum
472 1012 597 1039 unum
631 1006 672 1040 et
704 998 913 1040 scholares
943 997 1171 1054 discipulos
1202 999 1244 1050 7,
1277 1005 1519 1041 testamento
1557 1014 1631 1042 suo

236 1084 300 1113 an.
323 1069 380 1111 5ιο
400 1070 510 1113 Edv.
532 1070 585 1113 6ti
604 1071 787 1122 condito,
804 1071 1016 1115 constituit
1031 1086 1155 1128 super
1169 1071 1325 1114 reditus
1341 1087 1394 1114 ex
1413 1073 1532 1115 terris
1547 1073 1632 1115 suis

236 1144 350 1200 apud
382 1143 655 1201 Willingham
686 1151 728 1187 et
749 1145 1011 1188 Wilbraham
1042 1145 1083 1187 in
1106 1145 1227 1189 Com.
1251 1146 1468 1199 Cantabr„
1496 1147 1631 1190 South

234 1219 436 1262 Bemfleet
465 1220 505 1263 in
528 1221 719 1273 Essexisst,
749 1228 791 1264 et
824 1237 848 1264 e
879 1222 1121 1265 tenementis
1149 1222 1190 1265 in
1222 1222 1322 1265 vicis
1352 1222 1478 1278 vulgo
1508 1223 1631 1267 dictis

234 1293 570 1351 Aldermanbury
592 1302 633 1338 et
655 1296 775 1339 Fleet
796 1296 934 1339 Street
955 1295 1108 1347 Lond„
1130 1302 1343 1340 exeuntes.

291 1369 320 1411 J
323 1384 473 1412 oannes
495 1369 637 1412 Fuller
658 1369 811 1413 LL.D.
834 1369 999 1426 collegii
1020 1377 1157 1414 custos
1178 1372 1272 1413 ’ἵῃιιιιΒ
1302 1379 1477 1426 quatuor
1498 1374 1630 1417 socios

234 1461 358 1503 super
376 1447 601 1489 manerium
622 1446 675 1488 de
696 1445 903 1502 Graveley
919 1446 960 1488 in
982 1446 1101 1489 Com.
1123 1446 1319 1490 cantabr.
1349 1446 1552 1500 fundavit,
1589 1456 1631 1492 et

233 1521 546 1563 advocationem
579 1526 821 1576 perpetuam
851 1520 1040 1563 ecclesiae
1071 1520 1330 1576 parochianae
1362 1521 1471 1564 circa
1510 1523 1629 1579 quin-

233 1598 321 1636 tum
339 1593 491 1636 Mariae
511 1594 695 1637 contulit.

292 1666 436 1722 Hujus
464 1668 629 1724 insuper
662 1666 835 1709 Joannis
869 1671 989 1710 suasu
1023 1674 1065 1710 et
1097 1674 1258 1724 rogatu,
1286 1668 1341 1713 R.
1362 1670 1413 1713 P.
1444 1671 1630 1714 Thomas

235 1741 414 1799 Thirlby
446 1742 684 1798 Episcopus
721 1740 917 1793 Eliensis,
953 1756 1024 1784 sex
1055 1742 1241 1795 vicarias,
1272 1744 1463 1787 nimirum
1496 1745 1629 1789 Ford-

233 1814 345 1867 ham,
368 1816 539 1872 Suasey,
573 1814 808 1866 Hinekson,
840 1813 1118 1868 Wittlesford,
1150 1816 1422 1870 Comberton‚
1451 1819 1628 1863 Gilden-

233 1889 420 1942 morden,
440 1890 480 1932 in
501 1895 744 1946 perpetuam
764 1888 928 1945 collegii
949 1896 1208 1946 patronatum
1230 1893 1443 1935 concessit.

291 1963 410 2006 Guil.
442 1963 648 2006 Marshall
678 1963 871 2019 armiger,
903 1963 1119 2006 Edmundi
1153 1964 1473 2023 Archiepiscopi
1505 1968 1626 2012 Cant.

231 2037 409 2081 famulus
429 2038 538 2081 circa
558 2053 621 2081 an.
643 2037 694 2080 21
719 2037 828 2081 Eliz.
851 2037 1030 2080 scholari
1050 2038 1170 2081 unico
1195 2055 1247 2082 ex
1281 2055 1382 2096 agro
1400 2041 1627 2096 Lana-astu,

234 2114 550 2166 Cumberland.,
588 2114 825 2166 Hertford.,
855 2120 926 2156 aut
955 2114 1121 2166 Essex„
1152 2114 1345 2171 eligendo
1373 2119 1626 2174 stipendium

234 2191 461 2243 constituit,
483 2206 534 2233 ex
557 2191 779 2234 medietate
799 2191 969 2234 manerii
990 2192 1044 2234 de
1064 2191 1417 2250 Brantingthorpe
1434 2194 1474 2238 in
1507 2194 1626 2238 Com.

234 2265 432 2308 Leicestr.
462 2266 712 2310 solvendum.
1070 2269 1076 2272 χ

291 2340 472 2384 Domina
500 2341 663 2383 Joanna
692 2340 834 2382 relicta
855 2339 1002 2383 Oweni
1034 2340 1174 2383 Wood
1196 2341 1353 2386 S.T.P.
1379 2342 1524 2385 decani
1547 2343 1627 2385 Ar-

233 2416 394 2468 macha,
431 2430 531 2458 mox
565 2431 668 2458 uxor
700 2415 852 2458 Jacobi
886 2414 1008 2458 Price
1049 2416 1190 2458 militis
1223 2416 1277 2459 de
1313 2418 1429 2474 Yvys
1469 2419 1627 2460 Ymaru

234 2491 369 2547 Gwyn
399 2492 441 2534 in
474 2491 594 2535 Com.
627 2490 869 2534 Merionith.
904 2491 1014 2534 circa
1047 2507 1195 2535 annum
1224 2493 1377 2535 Jacobi
1417 2494 1525 2549 regis
1554 2494 1626 2546 28,

234 2564 344 2607 dono
364 2564 482 2608 dedit
502 2568 670 2607 domum
689 2565 728 2607 in
748 2564 942 2621 parochia
958 2565 1001 2608 S.
1021 2565 1261 2618 Clementis,
1278 2574 1466 2609 vocatum
1485 2567 1627 2624 Sedge

235 2637 357 2689 Hall,
379 2637 479 2680 alias
503 2638 563 2681 Le
586 2639 708 2695 Ship‚
730 2638 783 2680 ad
801 2639 1086 2682 sustentandos
1108 2640 1212 2682 duos
1232 2640 1476 2697 discipulos,
1498 2642 1563 2684 vel
1584 2642 1623 2684 in

234 2711 366 2753 insula
399 2710 591 2755 Monensi
632 2714 694 2754 vel
736 2713 778 2755 in
814 2712 932 2756 Com.
967 2712 1212 2756 Merionith.
1249 2714 1312 2756 vel
1351 2714 1392 2757 in
1427 2715 1626 2770 parochia

237 2786 281 2829 S.
297 2786 429 2837 Petri,
450 2789 574 2842 vulgo
590 2787 690 2831 dicti
704 2788 847 2831 Peters
867 2787 928 2830 Le
946 2787 1098 2840 Poore,
1115 2788 1266 2841 Lond.,
1290 2789 1353 2831 vel
1375 2790 1413 2832 in
1432 2789 1626 2846 parochia

237 2861 279 2903 S.
302 2861 477 2914 Fosteri,
499 2869 626 2904 natos.
