1936 3224
330 220 386 260 26
657 235 660 238 “
919 234 1124 262 ms'roum

387 343 532 398 Atque
562 342 620 384 ita
651 342 816 385 demum
847 342 1049 385 sociorum
1080 341 1339 387 fundationes
1368 358 1538 388 numero
1565 344 1622 387 7⁷
1651 359 1726 388 nu-

331 419 589 470 meravimus,
617 427 657 460 et
689 418 859 460 totidem
891 421 1047 474 positas
1082 418 1207 461 fuisse
1241 419 1370 462 tradit
1403 420 1615 476 catalogus
1649 420 1727 463 iste

330 491 656 546 benefactorum,
707 507 829 547 quem
875 492 915 534 in
954 491 1179 535 eorundem
1220 493 1605 537 commemoratione
1647 493 1726 537 sub

331 568 450 609 finem
470 567 671 623 cujusque
690 567 851 609 termini
874 568 1079 611 celebrata
1099 583 1367 612 recensemus.
1429 569 1569 612 Nobis
1589 575 1726 612 autem

330 641 478 697 religio
498 656 577 683 non
600 640 693 690 fuit,
711 640 828 682 istius
849 640 1028 696 catalogi
1049 641 1235 684 ordinem
1253 643 1392 698 sequi:
1422 643 1602 686 novitius
1616 642 1726 686 enim

330 720 407 765 est,
431 728 565 769 neque
583 715 695 768 justo
717 713 862 756 ordine
892 714 1173 766 concinnatus,
1205 715 1456 771 quandoque
1483 716 1608 759 etiam
1629 731 1726 759 vero

329 802 473 843 parum
495 802 712 839 consonus,
735 802 868 843 neque
889 787 1069 843 denique
1090 788 1170 830 sibi
1192 795 1392 831 constans.
1427 788 1623 832 Novitius
1643 796 1724 842 est,

329 876 409 903 non
450 868 543 904 ante
581 876 646 904 an.
686 862 795 903 1626
834 861 1102 917 compositus,
1138 862 1244 904 inter
1282 863 1566 906 benefactores
1614 865 1725 907 enim

330 938 397 981 M.
428 937 654 980 Newcome
690 937 826 988 refert,
858 936 930 991 qui
965 951 1028 979 an.
1062 938 1186 990 1625,
1216 938 1317 980 socii
1350 939 1486 981 locum
1519 939 1625 982 inter
1652 954 1726 982 nos

330 1013 563 1068 occupavit.
623 1012 776 1068 Neque
796 1012 941 1055 debito
961 1012 1108 1055 ordine
1133 1012 1417 1056 benefactores
1431 1019 1632 1066 numerat,
1653 1013 1725 1058 Pi-

330 1087 437 1142 gotti
457 1087 566 1128 enim
585 1093 627 1128 et
649 1086 824 1130 Roberti
846 1085 1120 1138 fundationes,
1139 1086 1244 1129 inter
1271 1088 1425 1143 primas
1452 1087 1725 1144 reponendas,

330 1161 372 1204 in
407 1160 544 1203 locum
582 1161 772 1203 ultimum
810 1161 958 1215 rejicit.
1020 1160 1187 1203 Caetera
1221 1161 1345 1203 etiam
1381 1160 1492 1203 nulla
1530 1161 1727 1218 temporis

330 1235 487 1278 ratione
515 1235 656 1278 habita
689 1250 854 1291 prorsus
884 1241 1082 1286 recenset,
1115 1241 1160 1277 ut
1190 1234 1312 1291 plane
1342 1235 1492 1291 raptim
1523 1234 1726 1278 consarci-

331 1309 419 1352 nari
440 1308 641 1351 videatur.
653 1308 989 1359 &Quamobrem
1007 1307 1148 1350 mirari
1167 1323 1247 1351 non
1268 1308 1406 1359 liceat,
1435 1309 1468 1351 si
1499 1308 1611 1351 idem
1629 1323 1725 1351 vero

330 1398 476 1440 parum
495 1399 718 1427 consonans
742 1386 807 1428 sit.

388 1458 599 1515 Imprimis
637 1459 745 1501 enim
777 1474 849 1502 sex
884 1463 1016 1503 socios
1055 1460 1109 1502 ab
1142 1459 1234 1514 ipso
1270 1456 1504 1507 fundatore,
1535 1455 1588 1498 ab
1623 1455 1726 1512 ipsis

326 1533 452 1587 jactis
485 1532 760 1576 fundamentis
795 1533 977 1589 collegii,
1007 1534 1248 1576 constitutos
1277 1546 1366 1573 esse
1396 1530 1542 1581 docet3
1572 1535 1726 1572 statuta

330 1607 493 1650 interim
512 1607 663 1650 Jacobi
694 1608 897 1664 Episcopi
929 1623 1007 1650 non
1035 1608 1113 1649 nisi
1135 1607 1317 1662 quinque
1343 1604 1533 1660 primitus
1562 1602 1722 1646 institu-

331 1688 395 1723 tos
414 1682 593 1725 tradunt.
635 1682 775 1724 Verba
796 1682 935 1724 statuti
953 1683 1202 1737 subjungere
1216 1681 1344 1722 visum
1367 1684 1450 1719 est:
1473 1683 1502 1702 “
1515 1676 1617 1718 Jesu
1639 1677 1722 1719 col-

330 1755 440 1811 legio
461 1770 535 1811 per
556 1771 628 1797 nos
643 1762 796 1806 erecto,
819 1755 1012 1811 pusillum
1044 1769 1209 1810 gregem
1240 1751 1540 1802 constituimus,
1571 1765 1623 1792 ex
1652 1764 1724 1792 sex

331 1829 517 1885 personis
538 1829 734 1883 magistro
754 1843 833 1870 uno
855 1836 896 1870 et
917 1828 1100 1883 quinque
1121 1827 1284 1869 sociis.’'

387 1902 518 1946 Porro
553 1903 814 1946 donationem
845 1917 914 1944 sex
951 1901 1192 1944 vicariatum
1223 1899 1481 1956 praedictam,
1511 1896 1723 1954 catalogus

332 1977 636 2020 benefactorum
686 1977 1040 2033 supranominatus
1090 1975 1160 2017 Dri
1211 1973 1353 2017 Fuller
1390 1973 1550 2024 tribuit,
1595 1987 1723 2028 quam

331 2057 466 2093 tamen
489 2051 673 2093 Thomas
695 2051 930 2107 episcopus,
953 2049 989 2092 F
992 2049 1109 2092 ulleri
1130 2049 1227 2091 licet
1251 2048 1430 2099 hortatu,
1452 2045 1626 2102 largitus
1645 2053 1720 2089 est.

331 2126 443 2169 Dein
465 2143 543 2170 non
566 2127 646 2169 sibi
667 2133 826 2169 constat
847 2126 983 2168 dictus
998 2125 1224 2179 catalogus,
1246 2128 1464 2179 postquam
1481 2121 1589 2163 enim
1603 2121 1723 2176 quasi

330 2216 405 2257 per
433 2205 758 2257 ἀνακεφαλαίωσιν
792 2201 970 2243 sedecim
1001 2199 1134 2242 socios
1165 2198 1204 2240 in
1242 2197 1321 2239 hoc
1350 2195 1527 2250 collegio
1557 2208 1722 2236 enume-

331 2283 473 2327 rasset,
496 2276 733 2318 inductione
754 2290 850 2318 mox
880 2275 921 2317 in
951 2272 1216 2328 sequentibus
1245 2270 1366 2321 facta,
1397 2269 1520 2326 plane
1553 2269 1604 2311 17
1620 2282 1721 2310 enu-

330 2357 475 2393 merat.
534 2349 701 2406 Nempe
741 2355 788 2392 ut
817 2364 902 2391 rem
938 2348 993 2391 ob
1034 2348 1176 2390 oculos
1206 2360 1371 2402 ponam,
1403 2349 1498 2400 post
1527 2357 1599 2384 sex
1627 2341 1721 2385 illos

331 2426 481 2477 socios,
504 2440 608 2481 quos
638 2424 691 2466 ab
726 2423 817 2479 ipso
848 2422 1065 2464 fundatore
1095 2419 1301 2463 institutos
1330 2433 1418 2460 esse
1448 2415 1590 2468 tradit,
1625 2430 1721 2459 mox

331 2503 549 2555 septimum
570 2498 731 2540 Jacobo
752 2498 963 2553 episcopo,
984 2497 1081 2537 gvum
1104 2494 1294 2544 Thomae,
1316 2493 1420 2535 duos
1451 2490 1596 2533 itidem
1618 2491 1721 2533 alios

332 2575 530 2625 Andreae,
551 2580 726 2629 quatuor
754 2586 850 2613 mox
879 2571 980 2612 alios
1010 2570 1046 2613 F
1050 2568 1194 2619 ullam,
1225 2566 1348 2609 alium
1379 2564 1565 2620 Pigotto,
1593 2563 1718 2606 alium

331 2647 561 2704 Roystono,
592 2646 715 2689 alium
746 2645 925 2700 denique
956 2642 1143 2685 Roberto
1173 2640 1332 2691 tribuit,
1366 2638 1415 2680 17
1447 2654 1502 2680 sc.
1519 2642 1717 2680 numerat.

331 2721 392 2765 Et
411 2721 526 2776 quod
547 2720 692 2763 ultimo
713 2718 935 2762 notandum
957 2723 1019 2759 est
1043 2716 1096 2759 de
1118 2713 1436 2769 catalogodict0‚
1459 2713 1500 2754 in
1526 2727 1576 2754 eo
1597 2710 1718 2762 fallit,

332 2795 445 2852 quod
472 2794 525 2836 de
554 2793 791 2836 fundatione
814 2791 934 2833 unius
953 2790 1052 2832 socii
1082 2804 1156 2845 per
1185 2786 1453 2829 clarissimum
1473 2785 1603 2827 virum
1624 2782 1717 2826 Ric.

332 2869 479 2911 Reade
500 2867 667 2909 militem
693 2867 796 2909 facta
819 2880 982 2922 prorsus
1003 2870 1122 2906 tacet.
1194 2859 1403 2910 Quocirca
1423 2858 1500 2901 nisi
1521 2858 1547 2899 5
1568 2856 1717 2899 solum-
