1936 3224
334 219 392 263 34
932 232 1135 261 ΗιετοκιΑ

943 416 1125 468 Tabula,

377 508 548 539 Exhibens
571 507 705 547 nomina
728 507 873 539 omnium
889 507 1119 549 magistrorum
1142 507 1209 539 sive
1225 507 1397 539 custodum
1421 506 1551 549 collegii
1573 506 1665 544 Jesu,
1691 505 1726 537 in

334 568 435 599 Acad.
452 567 559 605 Cant.,
577 577 687 599 eorum
706 567 749 598 ad
771 567 912 598 invicem
935 567 1168 604 successiones,
1192 577 1314 599 annum
1336 567 1554 605 admissionis,
1577 566 1727 608 gradum,

333 629 483 671 patriam,
507 629 612 660 officia
641 639 712 670 quae
738 629 772 660 in
796 629 974 660 Academia
999 634 1181 670 gesserunt,
1206 627 1394 670 dignitates,
1416 627 1575 660 beneficia
1597 637 1669 669 quae
1690 626 1726 658 in

334 688 471 720 ecclesia
497 688 608 730 adepti
631 695 718 726 sunt,
743 689 783 720 ab
809 689 890 731 ipsis
912 688 1042 729 collegii
1065 688 1219 730 primitus
1247 688 1345 728 jactis
1366 688 1597 726 fundamentis,
1627 697 1680 718 an.
1706 687 1727 717 2

335 748 426 780 Hen-
444 746 514 787 7mi,
538 759 589 780 an.
609 749 742 780 Domini
767 749 860 787 1496,
888 748 929 780 ad
953 759 1074 780 annum
1097 758 1199 789 usque
1225 748 1263 779 19
1286 747 1487 779 serenissimi
1507 747 1594 789 regis
1617 744 1728 779 Caroli

333 806 394 848 20³,
417 814 449 840 et
464 808 645 840 secundum
660 814 848 849 computum
865 807 1011 839 ecclesiae
1028 807 1125 848 Angl.
1144 807 1235 843 1667,
1252 808 1410 849 perpetua
1425 806 1508 838 serie
1523 806 1671 838 deducta.

395 940 430 982 l.
463 938 698 982 Gulielmus
731 938 948 990 Chubbes,
969 938 1070 980 alias
1106 937 1294 988 Chuffes,
1325 943 1443 980 natus
1473 937 1514 979 in
1550 936 1646 980 villa
1673 937 1730 980 de

334 1013 511 1069 Whitby
534 1014 574 1055 in
597 1013 715 1056 Com.
738 1012 1009 1064 Ebomcensi,
1033 1012 1187 1056 S.T.P.
1211 1027 1262 1054 ex
1285 1012 1389 1054 aulae
1406 1011 1727 1055 Pembrochien·

334 1090 390 1132 sis
411 1089 605 1146 praeside,
627 1089 680 1131 ab
702 1088 792 1144 ipso
808 1089 972 1142 collegii
994 1088 1226 1139 fundatore,
1248 1087 1471 1130 reverendo
1496 1087 1536 1129 in
1559 1087 1730 1130 Christo

335 1162 460 1205 Patre
488 1162 647 1206 Eliensi
679 1162 888 1218 Episcopo
907 1162 975 1204 Jo.
999 1161 1200 1212 Alcocke,
1231 1161 1386 1217 primus
1412 1160 1536 1215 hujus
1565 1159 1729 1217 collegii

335 1237 530 1292 magister
550 1237 634 1278 sive
654 1241 790 1278 custos
807 1234 1050 1277 constitutus
1070 1245 1173 1285 erat,
1201 1234 1262 1277 13.
1287 1235 1400 1277 Hen.
1422 1235 1502 1276 7¹³³.

392 1309 694 1366 Dignissimum
713 1308 823 1351 hunc
845 1308 973 1350 virum
993 1313 1035 1350 et
1055 1307 1108 1350 de
1137 1307 1315 1363 collegio
1344 1307 1446 1350 Jesu
1467 1307 1622 1364 optime
1643 1322 1729 1350 me-

337 1384 460 1427 ritum
491 1383 672 1425 celebrat
698 1382 727 1424 J
731 1397 767 1424 o.
791 1382 929 1437 Major
971 1382 1353 1425 Scoto-Britannus.
1412 1380 1462 1423 In
1502 1395 1552 1423 eo
1591 1387 1729 1423 autem

337 1462 440 1507 erat,
461 1456 574 1512 quod
591 1456 750 1498 Stubbs
769 1455 876 1497 dixit
892 1469 967 1512 pro
989 1454 1178 1498 Chubbs.
1209 1453 1403 1497 Eundem
1423 1468 1600 1496 errorem
1619 1467 1730 1495 erra-

334 1532 395 1575 vit
412 1531 654 1574 Isaacsonus
673 1544 723 1571 eo
743 1529 897 1571 fortsan
920 1528 1135 1585 deceptus,
1153 1528 1266 1584 quod
1285 1528 1454 1583 quidam
1477 1526 1535 1569 D‘
1556 1526 1730 1578 stubbs,

336 1605 410 1648 illo
430 1605 522 1661 ipso
542 1609 742 1660 tempore,
764 1603 836 1645 sed
857 1603 962 1644 aulae
982 1602 1188 1645 Clarensis
1210 1607 1360 1653 custos,
1382 1601 1531 1644 floruit.
1574 1600 1730 1643 Verum

340 1685 383 1722 et
403 1679 644 1721 Isaacsonus
675 1677 900 1720 secundum
931 1692 1124 1728 errorem,
1159 1683 1201 1719 et
1233 1675 1484 1731 chronologo
1514 1690 1610 1718 sane
1628 1674 1730 1717 vitio

336 1752 579 1796 vertendum
600 1752 787 1803 admisit,
810 1752 886 1795 viz.
919 1752 1033 1808 quod
1065 1751 1289 1795 Stubbium
1320 1765 1438 1793 suum
1467 1765 1531 1791 an.
1554 1749 1662 1792 1492
1688 1748 1730 1791 in

338 1827 465 1882 hujus
494 1826 659 1882 collegii
693 1825 973 1881 magisterium
1013 1824 1199 1867 induxit:
1247 1829 1378 1866 stante
1410 1838 1559 1879 nempe
1593 1822 1733 1865 adhuc

339 1900 601 1952 monasterio,
623 1899 740 1955 quasi
755 1899 934 1956 priorem
964 1898 1003 1941 in
1035 1898 1227 1941 coenobio
1245 1912 1325 1940 non
1346 1896 1557 1940 custodem
1576 1897 1617 1939 in
1647 1894 1733 1939 col-

339 1973 451 2031 legio
470 1974 750 2017 constituerat.

395 2048 520 2091 Circa
558 2046 908 2089 nomenclaturam
948 2045 1068 2088 facile
1100 2051 1188 2087 erat
1220 2046 1322 2094 labi,
1354 2045 1510 2101 quippe
1546 2043 1659 2099 quod
1691 2045 1732 2085 in

340 2121 434 2166 aula
446 2120 611 2164 Pembr.
635 2121 753 2175 cujus
767 2120 968 2171 alumnus,
989 2119 1137 2171 socius,
1157 2125 1199 2161 et
1214 2118 1439 2175 praesidens
1458 2117 1551 2169 fuit,
1570 2117 1624 2160 de
1643 2117 1735 2172 eJus

340 2195 505 2239 nomine
523 2210 604 2237 non
635 2199 816 2236 constat:
856 2192 964 2235 unde
984 2193 1135 2235 factum
1166 2198 1243 2244 est,
1265 2191 1377 2248 quod
1399 2206 1492 2234 cum
1512 2190 1615 2233 nihil
1633 2189 1734 2233 certi

343 2269 422 2312 hac
442 2269 483 2311 in
514 2283 558 2310 re
588 2274 840 2324 compertum
871 2273 972 2318 erat,
996 2265 1050 2309 R.
1068 2266 1116 2309 P.
1140 2265 1352 2308 Mathaeus
1377 2266 1614 2322 Episcopus
1643 2263 1734 2308 Eli-

342 2343 452 2385 ensis
472 2341 546 2398 qui
565 2341 683 2384 istius
703 2340 809 2383 aulae
827 2339 1041 2382 historiam
1061 2345 1103 2382 et
1123 2338 1292 2394 quidem
1322 2344 1479 2396 ἀκριβως
1503 2344 1548 2381 ut
1566 2337 1733 2390 assolet,

342 2415 570 2467 adornavit,
612 2414 721 2456 hunc
761 2412 974 2456 custodem
1022 2419 1219 2464 nostrum,
1260 2412 1437 2469 primum
1469 2411 1575 2454 inter
1616 2410 1735 2454 istius

341 2489 447 2531 aulae
484 2488 617 2531 socios
658 2493 929 2537 numeratum,
964 2485 1153 2542 pluribus
1192 2486 1424 2528 nominibus
1456 2484 1734 2541 compellavit,

339 2564 417 2605 viz.
442 2562 635 2614 Chubbs,
655 2560 808 2612 Jubbs‚
831 2559 1039 2611 Chubbis,
1054 2559 1082 2601 J
1087 2559 1234 2616 ubbys.
1294 2558 1461 2608 Quibus
1480 2558 1582 2601 addi
1603 2558 1734 2615 possit

342 2642 385 2680 et
423 2636 612 2687 Chuffes,
646 2635 706 2677 sic
739 2633 845 2676 enim
875 2647 1021 2675 nomen
1050 2633 1141 2687 ejus
1173 2638 1357 2675 notatum
1387 2631 1426 2674 in
1459 2631 1736 2674 instrumentis

344 2709 558 2761 obsoletis,
581 2710 754 2766 ipsemet
774 2707 1000 2750 observavi.

399 2786 665 2836 Πολυώνυμος,
687 2781 748 2824 vir
766 2780 930 2837 insuper
948 2779 1165 2823 multarum
1186 2778 1414 2831 literarum,
1441 2785 1483 2822 et
1496 2778 1646 2834 dignus
1662 2778 1736 2834 qui

338 2856 439 2902 huic
458 2854 633 2910 collegio
649 2855 805 2912 primus
824 2854 1100 2911 praeficeretur
1128 2861 1281 2907 custos,
1309 2855 1343 2897 si
1375 2854 1445 2897 Jo.
1468 2853 1609 2908 Major
1627 2867 1732 2910 prae·
