1962 3360
396 859 771 925 HISTORIA
842 855 1218 922 GOLLEGII
1282 855 1319 917 J
1323 853 1474 917 ESU

644 1070 1221 1136 CANTABRIGIAE.

334 1506 536 1564 Reliqua>
557 1507 628 1550 Stae
650 1508 936 1566 Radegundis
957 1509 1046 1551 sive
1067 1507 1326 1566 Fragmenta
1348 1507 1541 1564 quaedam

689 1580 901 1626 Historiae
919 1583 1159 1625 Prioratzts.

245 1686 618 1737 QUAEMADMODUM
640 1707 663 1733 e
685 1691 788 1733 casis
809 1691 1022 1734 vilioribus
1042 1698 1083 1734 et
1105 1690 1361 1747 paupertinis
1388 1688 1576 1744 tuguriis,
1600 1687 1638 1729 in

245 1761 505 1806 humiliorem
527 1764 664 1807 villam
686 1765 944 1817 coeuntibus,
967 1765 1090 1808 urbes
1110 1764 1442 1807 nominatissimae
1463 1763 1639 1804 decursu

247 1838 443 1894 temporis
464 1840 732 1891 excreverint,
754 1841 795 1882 in
827 1840 978 1894 quibus
1006 1841 1130 1883 rudes
1164 1839 1393 1895 incultique
1420 1840 1569 1896 pagani
1600 1839 1640 1881 in

247 1912 355 1955 cives
386 1913 578 1966 urbanos,
599 1915 639 1957 in
660 1921 873 1971 praetores,
895 1915 1166 1971 consulesque
1187 1915 1402 1966 evaserint,
1435 1914 1547 1956 haud
1569 1914 1642 1956 ab·

249 1986 373 2028 simili
421 2002 588 2043 prorsus
627 1989 800 2039 ratione,
839 2005 862 2031 e
912 1989 1168 2032 tenuioribus
1202 1989 1312 2031 ludis
1355 1988 1562 2040 literariis,
1600 1994 1642 2030 et

247 2061 620 2115 grammaticorum,
658 2063 950 2118 rhetorumque
980 2063 1203 2119 gymnasiis
1234 2062 1475 2105 illustriores
1507 2063 1643 2120 philo-

248 2132 470 2189 sophorum
502 2135 655 2179 scholae
686 2137 891 2192 gradatim
922 2137 1147 2189 extiterint,
1184 2137 1224 2179 in
1258 2137 1410 2192 quibus
1440 2152 1492 2179 ex
1523 2138 1643 2180 abce-

249 2207 376 2250 dariis
414 2209 629 2266 principiis
668 2210 820 2253 alumni
870 2211 1043 2254 feliciter
1082 2211 1357 2267 proficienteS,
1399 2212 1439 2253 in
1483 2212 1536 2254 A.
1579 2212 1643 2254 M.

247 2298 476 2334 numerum,
528 2285 568 2326 in
609 2285 843 2341 linguarum
879 2287 1225 2342 scientiarumque
1265 2286 1539 2342 professorum
1580 2301 1644 2329 or-

250 2361 388 2403 dinem
419 2361 775 2406 adscribebantur.
838 2364 953 2414 Quin
988 2370 1029 2407 et
1065 2355 1377 2420 Cantabrigiam
1412 2365 1555 2407 urbem
1591 2365 1644 2407 ab

251 2434 394 2478 ultima
424 2437 672 2492 antiquitate
701 2439 825 2480 musis
855 2439 1031 2481 dicatam
1064 2453 1115 2480 ex
1146 2439 1450 2493 angustioribus
1479 2439 1645 2481 studen-

250 2509 352 2551 tium
391 2510 586 2567 hospitiis
625 2517 667 2553 et
710 2512 971 2555 conductiliis
1012 2513 1190 2564 aedibus,
1240 2528 1291 2555 ex
1340 2512 1646 2555 obscurioribus

253 2585 543 2627 monachorum
576 2585 789 2637 caenobiis,
821 2589 860 2628 in
890 2587 1161 2643 elegantiores
1190 2594 1231 2630 et
1262 2587 1517 2643 augustiores
1548 2586 1644 2629 Col—

252 2657 453 2713 legiorum
504 2659 682 2702 fabricas
731 2660 993 2704 instauratam
1035 2668 1077 2705 et
1125 2678 1176 2704 ex
1226 2661 1426 2717 Colle-giis
1465 2661 1569 2703 inter
1605 2677 1648 2703 se

253 2732 433 2783 sociatis,
464 2732 504 2775 in
534 2733 807 2776 Academiam
838 2734 959 2791 longe
988 2736 1183 2780 celeberr.
1215 2736 1467 2778 efformatam
1499 2737 1647 2779 sensim

253 2804 490 2848 inclaruisse
529 2808 628 2849 satis
657 2813 802 2850 notunt
835 2808 907 2863 qui
949 2809 1098 2852 Caium
1131 2810 1298 2852 doctiss.
1336 2810 1523 2865 aliosque
1565 2811 1648 2852 sive

255 2893 388 2921 rerum
401 2878 671 2935 Anglicarum
694 2881 778 2923 sive
798 2880 1140 2926 Academicarum
1162 2884 1396 2940 scriptores,
1411 2883 1473 2925 vel
1491 2884 1649 2940 primiS‚

257 2951 368 3005 quod
402 2952 531 3004 aiunt,
563 2952 685 2997 labiis
715 2954 997 3010 degustarunt.

1459 3047 1483 3073 B
