1936 3224
288 250 314 291 8
883 261 1087 290 maroam

291 387 409 428 reges
443 378 547 422 orto,
579 377 621 413 et
659 370 869 413 debellato
901 386 996 413 mox
1022 370 1329 426 Thuringorum
1367 385 1478 423 ref-re,
1507 370 1682 414 Rhade-

292 446 444 503 gundis
463 446 568 488 inter
587 444 668 487 alia
692 443 832 500 opima
858 443 956 486 belli
987 443 1120 499 spolia
1144 443 1184 486 in
1216 443 1403 487 Lotharii
1430 445 1682 488 Francorum

292 518 423 574 Regis
454 516 573 572 (Filii
603 517 653 559 4⁰
685 515 888 559 Clodovei
912 517 974 558 1¹¹²*
997 516 1103 558 inter
1118 515 1266 559 Gallos
1294 517 1404 572 regis
1434 517 1682 571 Christiani)

294 600 443 636 sortem
473 592 598 634 venit.
1574 610 1579 615 ·

351 667 595 711 Lectissima
616 666 849 710 mehercule
880 665 1034 723 puella,
1070 665 1198 721 digna
1218 681 1311 722 quae
1335 665 1487 719 (Paulo
1507 666 1683 710 AEmilio

287 741 430 797 judice
458 757 499 798 p.
536 742 619 794 10.)
660 741 725 783 vel
754 741 874 783 unica
895 739 994 783 belli
1031 755 1186 782 merces
1215 746 1458 795 petereetur.
1502 740 1684 784 Natione

294 823 382 859 erat
411 817 602 868 barbara,
640 822 762 859 aetate
791 823 944 867 tenera,
977 815 1175 871 religione
1205 830 1299 857 vero
1328 815 1562 859 Christiana
1589 830 1685 859 mox

295 891 494 942 instituta,
516 897 557 932 et
577 890 663 932 viro
688 889 852 932 demum
881 895 1039 931 matura
1069 889 1156 943 regi
1179 888 1392 940 Lothario,
1418 889 1543 932 invita
1571 889 1683 942 licet,

295 963 578 1020 desponsatur.
601 963 757 1005 Verum
778 964 920 1018 regina
938 964 1032 1005 licet
1049 964 1135 1018 jam
1151 963 1276 1014 facta,
1296 978 1488 1020 pompam
1510 963 1685 1007 aulicam

295 1040 400 1082 adeo
435 1039 674 1095 despecatui
705 1038 869 1089 habuit,
900 1046 942 1080 et
967 1037 1151 1092 jejuniis,
1181 1038 1390 1094 precibus,
1420 1037 1687 1095 eleemosynis

295 1114 402 1156 adeo
432 1128 475 1155 se
506 1119 632 1156 totam
676 1112 858 1164 addixit,
899 1118 941 1154 et
969 1113 1075 1154 inter
1106 1111 1276 1162 aulicos,
1316 1112 1441 1154 vitam
1479 1111 1583 1154 adeo
1613 1126 1688 1168 per

298 1189 434 1229 omnia
474 1187 690 1230 asceticam
729 1186 922 1237 instituit,
973 1194 1018 1228 ut
1054 1186 1238 1241 jugalem
1279 1186 1518 1232 monacham
1549 1186 1688 1242 potius

298 1276 421 1316 quam
462 1262 644 1316 reginam
683 1259 850 1302 duxisse
891 1259 1133 1301 Lotharium
1178 1259 1302 1301 aulici
1346 1259 1443 1313 joco
1486 1259 1686 1311 dicerent,

296 1349 429 1390 neque
451 1334 619 1390 quidem
639 1350 663 1376 a
682 1348 778 1376 vero
798 1333 954 1375 dictum
976 1348 1142 1389 prorsus
1161 1333 1422 1376 abhorrebat.

353 1408 570 1464 Siquidem
592 1423 670 1451 non
691 1409 749 1451 ita
769 1407 898 1450 multo
919 1414 1012 1464 post
1033 1407 1173 1449 Rhad.
1200 1407 1376 1449 maritali
1398 1414 1487 1450 toro
1515 1422 1559 1449 se
1583 1404 1688 1449 clam

298 1483 546 1534 subducens,
575 1482 812 1524 Novionum
843 1482 969 1532 venit,
1002 1487 1043 1523 et
1078 1481 1267 1537 deposito
1304 1482 1423 1535 juxta
1452 1482 1569 1524 istius
1603 1481 1688 1525 Ec-

299 1557 437 1600 clesiae
475 1556 603 1599 altare
635 1556 765 1612 regali
802 1563 1019 1612 apparatu,
1047 1570 1182 1598 coram
1210 1554 1444 1597 Menandro
1474 1554 1690 1612 Episcopo

298 1636 437 1672 votum
458 1629 726 1686 nuncupavit,
747 1638 982 1683 vestemque
999 1628 1182 1684 suscepit
1203 1628 1448 1684 religiosam.
1499 1628 1690 1671 Tandem

295 1702 462 1746 licentia
503 1718 527 1744 a
550 1701 748 1745 Lothario
789 1718 885 1758 rege
918 1703 1156 1759 impetrata,
1199 1701 1413 1756 (Menard.
1444 1717 1557 1745 conc.
1579 1702 1688 1759 Reg.

298 1792 341 1832 p.
365 1777 464 1829 670)
506 1777 545 1818 ἰη
578 1776 679 1819 urbe
711 1776 960 1819 Pictaviensi
992 1777 1173 1819 abatiam
1205 1777 1247 1820 S.
1282 1777 1430 1819 Crucis
1460 1777 1614 1833 regulis
1644 1777 1688 1821 S.

305 1851 478 1894 Caesarii
499 1851 726 1906 subjectam
749 1852 952 1903 condidit,
974 1851 1266 1906 conditamque
1286 1851 1458 1903 dotavit,
1478 1858 1519 1894 et
1535 1850 1690 1894 ibidem

304 1925 481 1967 abatissa
503 1924 685 1981 professa
705 1931 783 1977 est,
805 1940 934 1980 usque
951 1926 1049 1967 dum
1070 1926 1178 1968 circa
1194 1940 1257 1967 an.
1285 1925 1404 1967 1190.
1426 1925 1535 1967 diem
1550 1939 1691 1981 supre-

307 2014 418 2040 mum
439 1998 597 2041 clausit.
659 2000 769 2042 Haec
789 2014 936 2056 nempe
962 2007 1022 2042 est
1043 1999 1115 2042 illa
1134 1999 1265 2046 Rad..
1287 2014 1410 2054 quam
1430 1998 1631 2040 Batonius
1650 2003 1693 2040 et

305 2072 613 2115 Centuriatores
644 2072 790 2127 Magd.
836 2072 1059 2125 celebrant,
1107 2074 1205 2116 duni
1255 2075 1377 2130 hujus
1417 2075 1567 2130 reginae
1605 2089 1691 2116 mo-

303 2146 448 2188 nachae
489 2146 612 2188 vitam
654 2162 676 2188 e
710 2146 915 2189 Venantio
947 2146 1174 2190 Fortunato
1207 2148 1299 2204 (qui
1334 2149 1375 2191 in
1410 2151 1499 2203 ejus
1529 2149 1689 2192 laudem

305 2219 602 2276 epigrammata
653 2220 902 2276 composuit)
945 2235 996 2262 ex
1031 2221 1249 2265 Bandonia
1282 2223 1464 2275 moniali,
1504 2224 1548 2266 S.
1579 2223 1690 2267 Rad.

302 2308 532 2343 consorore,
555 2296 669 2349 (quae
687 2293 774 2349 ejus
796 2300 911 2349 gesta
932 2296 1172 2348 recensuit),
1189 2304 1229 2338 et
1243 2311 1293 2338 ex
1305 2297 1512 2352 Gregorio
1527 2297 1691 2340 demum

305 2367 550 2419 Turonensi,
574 2369 645 2423 qui
666 2368 726 2410 illi
744 2383 934 2425 suprema
955 2369 1231 2425 persolvebat,
1253 2370 1379 2413 fusius
1394 2371 1648 2423 describunt,
1668 2387 1692 2414 e

305 2441 456 2495 quibus
491 2441 763 2496 scriptoribus
785 2442 890 2484 inter
920 2458 964 2484 se
994 2442 1155 2485 collatis
1183 2443 1288 2486 hanc
1308 2443 1416 2486 Rad.
1438 2444 1691 2488 historiolam

302 2514 573 2569 excerpimus.
632 2515 738 2557 Haec
770 2516 934 2571 inquam
967 2525 1027 2559 est
1057 2517 1127 2559 illa
1148 2517 1330 2561 nobiliss.
1353 2518 1537 2569 foemina,
1573 2520 1693 2574 cujus

306 2605 328 2629 a
344 2593 497 2643 pompa
513 2588 657 2631 curiali
675 2589 714 2631 in
736 2589 896 2632 cellulae
913 2593 1125 2646 augustias
1141 2607 1359 2644 recessum,
1376 2593 1576 2648 cujusque
1595 2592 1691 2634 vitae

305 2661 536 2702 monasticae
567 2662 807 2704 severiorem
839 2664 1117 2720 disciplinam,
1148 2665 1372 2708 laudabant
1401 2666 1556 2721 plures,
1588 2673 1630 2709 et
1650 2667 1689 2708 in

306 2739 461 2775 tantum
492 2733 741 2778 mirabantur
766 2751 919 2789 omnes,
949 2745 994 2780 ut
1023 2755 1047 2780 a
1074 2739 1203 2792 gloria
1228 2739 1432 2783 mundana
1462 2739 1692 2796 spernenda

305 2806 466 2848 nomine
487 2807 677 2861 gloriosae
708 2810 875 2864 virginis
907 2811 1060 2867 ubique
1089 2813 1294 2864 inclaruit,
1325 2828 1530 2869 quamque
1558 2813 1690 2855 vivam

306 2894 445 2921 omnes
476 2880 813 2936 depraedicabant
836 2884 999 2927 tandem
1031 2886 1114 2928 fato
1140 2901 1233 2929 mox
1251 2887 1430 2929 functam
1452 2886 1690 2929 adorabant.
