1936 3224
607 233 812 263 COLLEGH
842 233 942 262 JESU
971 232 1295 262 CANTABRIGIAE.
1628 218 1652 259 7

253 343 300 388 Si
315 343 454 400 itaque
469 343 640 386 dixisset
650 342 841 385 Fullerus
853 343 1088 385 coenobium
1105 342 1342 386 monialium
1358 343 1476 397 juxta
1487 341 1648 384 Green-

252 415 357 460 croft
385 416 598 459 fundatum
624 416 750 459 fuisse
780 433 844 459 an.
883 417 1005 468 1133,
1028 433 1052 459 a
1079 432 1175 459 vero
1205 416 1340 459 forsan
1367 430 1446 458 non
1475 415 1647 457 multum

251 491 499 537 abari-assem
530 490 644 546 quod
675 496 812 533 autem
846 490 1026 538 addidit,
1060 490 1172 533 idem
1210 507 1233 533 a
1269 489 1496 533 Malcolmo
1534 489 1649 532 dicto

251 581 356 608 anno
375 565 591 608 fundatum
611 565 751 618 fuisse,
774 567 817 609 in
837 582 902 619 eo,
924 573 970 609 ut
990 567 1268 623 probavimus,
1288 569 1448 608 erravit.

307 638 461 682 Verum
494 639 714 691 enimvero,
750 645 796 683 ut
824 639 961 682 dicam
996 639 1110 695 quod
1140 640 1310 682 sentiam
1337 640 1390 681 de
1419 639 1500 682 hac
1534 641 1647 681 carta

250 711 427 768 Nigelli,
467 712 570 754 nihil
600 728 698 755 sane
740 713 841 756 certi
881 712 978 755 inde
1019 712 1159 768 colligi
1199 713 1330 769 possit
1370 713 1424 755 de
1465 717 1650 769 tempore

250 785 501 829 fundationis
535 786 660 842 hujus
693 785 869 829 cellulae.
945 785 1141 842 Nigellus
1189 786 1298 829 enim
1339 787 1422 828 2³¹²ss
1457 793 1561 839 erat,
1603 791 1649 828 ut

250 860 446 913 diximus,
458 861 694 917 Episcopus
709 861 862 912 Elien.,
879 867 921 903 et
931 876 1036 903 anno
1052 876 1177 917 supra
1190 860 1303 903 dicto
1319 867 1593 912 consecratus,
1610 867 1654 903 et

250 934 285 978 si
305 934 396 977 haec
417 940 530 978 carta
550 935 686 978 statim
712 941 809 991 post
837 935 1025 990 ejusdem
1056 936 1404 978 consecrationem
1432 936 1530 977 data
1556 935 1653 986 fuit,

250 1008 347 1051 hinc
386 1023 525 1051 revera
556 1009 751 1064 probaret
785 1009 976 1052 cellulam
1008 1009 1244 1052 monialium
1276 1009 1408 1066 primo
1440 1008 1650 1051 conditam

248 1083 376 1126 fuisse
396 1083 505 1127 circa
524 1099 587 1127 an.
610 1083 813 1126 aFullero
834 1084 1111 1140 designatum.
1152 1084 1307 1127 Verum
1325 1099 1416 1126 cum
1429 1084 1519 1126 haec
1537 1089 1650 1126 carta

250 1157 412 1214 Nigelli
442 1162 535 1214 (pro
563 1174 675 1201 more
705 1159 952 1215 scriptorum
989 1160 1276 1213 vetustiorum)
1320 1164 1382 1201 est
1412 1173 1504 1201 sans
1535 1158 1648 1210 date,

251 1231 347 1274 ideo
375 1247 456 1275 non
487 1236 647 1275 constat
677 1233 776 1288 quin
807 1233 906 1276 data
946 1249 1088 1275 revera
1124 1233 1203 1276 fuit
1232 1249 1313 1276 non
1348 1232 1523 1275 multum
1561 1238 1654 1275 ante

250 1305 381 1361 ipsius
416 1313 603 1358 mortem,
641 1322 733 1363 quae
766 1307 940 1363 contigit
986 1307 1107 1350 1169.
1169 1307 1299 1358 Quod
1330 1306 1363 1350 si
1394 1307 1453 1349 ita
1477 1306 1652 1362 opiniari

250 1378 373 1423 liceat
404 1384 470 1434 (ac
499 1396 595 1423 sane
624 1380 780 1434 liceat),
814 1387 909 1423 tunc
940 1382 1018 1424 ista
1051 1382 1175 1425 verba
1209 1381 1376 1436 (cellula
1409 1379 1650 1423 monialium

249 1453 408 1496 noviter
442 1454 648 1510 instituta)
690 1455 828 1510 potius
867 1455 1068 1498 novellam
1104 1455 1387 1499 fundationem
1430 1453 1650 1497 Malcolmi

253 1533 416 1585 (nempe
447 1529 556 1572 circa
579 1545 661 1582 an„
693 1536 738 1572 ut
759 1530 958 1583 diximus,
987 1532 1094 1573 1159
1121 1532 1313 1588 positam,
1346 1537 1387 1572 et
1414 1530 1525 1572 1164
1555 1543 1653 1571 con-

251 1602 466 1656 firmatam)
500 1619 624 1660 quam
654 1605 827 1660 primam
864 1606 976 1648 illam
1017 1606 1298 1648 fundationem
1328 1620 1392 1647 an.
1430 1620 1487 1647 sc.
1523 1603 1647 1654 1133,

250 1691 326 1733 per
346 1677 557 1720 Fullerum
579 1679 854 1734 designatum,
876 1681 1082 1736 respicere
1103 1680 1329 1722 videantur.

309 1751 463 1794 Verum
494 1768 586 1794 cum
621 1752 713 1795 haec
749 1753 789 1795 in
822 1760 1036 1810 utramque
1067 1761 1225 1811 partem
1255 1753 1362 1797 trahi
1398 1753 1570 1810 possint,
1601 1768 1649 1795 ea

251 1825 446 1881 equidem
467 1826 508 1868 in
530 1826 667 1868 medio
685 1826 954 1883 relinquenda
974 1843 1062 1870 esse
1084 1829 1292 1877 duximus,
1320 1843 1413 1870 cum
1441 1829 1548 1869 enim
1576 1841 1648 1867 nos

251 1899 349 1941 satis
378 1899 642 1956 probavimus
672 1900 898 1955 prioratum
935 1901 1173 1943 monialium
1215 1917 1265 1944 ex
1308 1901 1559 1957 professione
1601 1900 1647 1942 S.

253 1971 393 2015 Rhad.
439 1973 549 2015 circa
588 1988 652 2015 an.
701 1973 806 2014 1159
857 1989 931 2030 per
972 1973 1243 2016 Malcolmum
1284 1975 1418 2030 primo
1469 1973 1650 2030 positum

251 2048 392 2100 fuisse,
419 2054 460 2090 et
494 2047 603 2090 circa
633 2063 699 2090 an.
729 2048 854 2100 1164,
888 2049 1188 2101 confirmatum,
1220 2050 1311 2093 aliis
1342 2049 1649 2093 discutiendum

252 2121 535 2177 relinquimus,
567 2137 650 2178 quo
681 2137 786 2164 anno
817 2122 964 2164 domus
997 2124 1379 2166 sanctimonialium
1409 2124 1462 2166 de
1493 2123 1649 2165 Grant-

252 2194 403 2251 bridge
439 2199 550 2250 (quae
589 2195 662 2237 illo
702 2197 795 2252 ipso
830 2196 870 2238 in
914 2196 1022 2248 loco,
1064 2212 1184 2252 quem
1224 2197 1387 2240 Domus
1426 2199 1469 2241 S.
1509 2196 1648 2238 Rhad.

252 2276 398 2326 postea
423 2271 656 2326 occupavit,
689 2272 821 2327 stetit)
843 2272 1034 2328 primitus
1070 2269 1206 2329 posita
1241 2273 1332 2316 fuit.
1375 2275 1483 2317 Cum
1516 2278 1650 2314 autem

254 2343 489 2386 coenobium
511 2359 585 2400 per
605 2343 734 2387 Malc.
761 2344 994 2397 fundatum,
1019 2347 1062 2389 S.
1094 2345 1236 2389 Rhad.
1257 2354 1344 2389 erat
1365 2347 1564 2397 dicatum,
1588 2349 1649 2399 (et

254 2418 294 2460 in
336 2420 426 2473 ejus
466 2418 594 2462 Carta
634 2421 710 2460 2‘12·
761 2421 949 2476 superius
999 2423 1198 2466 recensita
1236 2423 1399 2465 Domus
1452 2423 1497 2465 S.
1538 2421 1649 2463 Rad.

254 2497 567 2550 nuncupatum),
627 2493 680 2535 de
732 2494 926 2538 Sanctula
976 2495 1054 2538 hac
1109 2511 1241 2552 pauca
1295 2497 1520 2539 asscribere
1569 2511 1649 2538 non

255 2566 468 2620 gravabor.

314 2640 358 2682 S.
385 2639 705 2697 Rhadegundis,
737 2642 821 2683 sive
854 2642 1149 2699 Rhadegunda
1179 2645 1382 2688 nonnullis
1413 2645 1541 2696 dieta,
1563 2651 1650 2686 erat

255 2713 470 2756 Bercharii
509 2714 753 2771 Thuringiae
795 2716 908 2773 apud
950 2717 1180 2761 Germanos
1222 2720 1352 2774 reguli
1393 2720 1492 2770 filia,
1541 2719 1650 2760 circa

256 2801 318 2828 an.
329 2787 345 2827 l
356 2787 436 2829 120
446 2792 555 2839 nata,
567 2804 769 2845 avumque
780 2790 1118 2848 Besinum,patru
1125 2808 1274 2849 umque
1287 2795 1331 2836 H
1336 2793 1652 2835 ermenefridum

256 2875 374 2917 reges
403 2861 563 2904 habuit.
625 2863 743 2905 Bello
766 2869 900 2906 autem
923 2864 1026 2906 inter
1049 2865 1293 2922 Thuringiae
1325 2874 1366 2909 et
1397 2867 1649 2908 Francorum
