1936 3224
32 48 35 53 <
28 27 38 34 ι

543 228 750 259 commu
777 228 875 256 msu
899 226 1227 256 CANTABmmAE.
1528 215 1584 254 33

201 339 362 383 culmen
374 345 416 383 et
428 330 637 395 fastigium
649 338 803 382 celsum
815 345 857 381 et
868 338 1096 395 spectabile
1111 337 1296 393 quidem,
1310 337 1600 380 vetustioribus

202 427 351 469 nempe
373 412 561 456 aedificiis
581 411 839 469 parallelum,
862 412 971 454 circa
991 427 1054 454 an.
1079 412 1189 454 1643
1212 411 1459 468 perductum
1479 419 1578 454 erat.

260 485 360 536 Quo
379 500 482 528 anno
501 485 725 528 rebellione
746 484 1058 528 Cromwellianfi
1087 484 1251 536 oberte,
1274 492 1411 527 custos
1441 484 1598 540 dignis·

203 559 330 602 simus
367 559 493 601 solius
529 558 740 601 fidelitatis
769 573 868 614 erga
907 573 1046 614 regem
1087 557 1145 600 D.
1176 557 1372 601 Carolum
1414 573 1523 610 reus,
1557 564 1600 600 et

203 631 358 675 solenni
391 633 608 675 Scotorum
642 631 857 674 rebellium
892 631 989 687 ligae
1019 638 1060 674 et
1094 631 1244 674 foederi
1279 631 1597 688 Presbyteriano

202 706 452 758 renuntians,
474 721 497 748 e
518 721 622 748 novo
655 706 769 761 quod
799 705 926 748 muris
948 706 1152 762 posuisset
1182 706 1394 748 domicilio
1426 712 1600 757 amotus,

202 779 244 822 in
273 779 428 822 Martis
460 786 593 823 castra
623 780 824 834 rejicitur,
857 786 898 822 et
928 796 951 822 e
981 780 1147 836 collegii
1181 780 1369 822 claustris
1402 780 1602 822 liberatus

203 853 451 896 authoritate
470 853 608 896 nescio
629 858 712 910 qua
740 852 984 904 visitatoris,
1016 853 1070 895 ad
1091 853 1298 909 ergastula
1327 860 1368 896 et
1402 853 1602 910 repagula

203 927 439 970 damnatur.

263 1000 316 1045 Id
334 1001 421 1044 viro
441 1001 693 1057 pientissimo
712 1001 848 1044 solatii
868 1000 1071 1057 reliquum
1090 1007 1192 1052 erat,
1217 1001 1331 1055 quod
1353 1016 1456 1057 quos
1477 1000 1601 1043 colle-

205 1077 280 1138 gii,
299 1076 463 1119 eosdem
485 1080 527 1117 et
546 1074 755 1117 infortunii
776 1075 908 1117 socios
929 1074 1092 1127 habuit,
1113 1075 1237 1117 etiam
1257 1090 1412 1127 omnes,
1441 1075 1546 1118 duos
1567 1076 1602 1118 si

204 1149 404 1206 excipias,
422 1163 597 1204 quorum
620 1148 723 1190 alter
738 1149 844 1204 pone
867 1147 1064 1204 siparium
1081 1163 1247 1190 securus
1264 1149 1377 1191 stetit
1394 1155 1603 1206 spectator

205 1223 375 1266 istorum
396 1221 610 1274 malorum,
631 1236 726 1277 quae
748 1222 820 1264 alii
839 1222 999 1264 fortiter
1018 1228 1058 1264 et
1080 1223 1283 1264 constanti
1312 1222 1448 1265 animo
1482 1223 1602 1266 susti-

206 1302 396 1348 nuerunt,
428 1295 533 1338 alter
566 1295 735 1338 interius
767 1310 876 1351 aegre
912 1295 1044 1338 ferens
1079 1295 1197 1338 almae
1232 1297 1373 1338 matris
1405 1297 1602 1352 exequias

206 1369 405 1421 contueri,
426 1369 607 1426 propriae
627 1369 761 1411 funeri
781 1369 1023 1425 parentavit,
1046 1375 1088 1412 et
1108 1375 1153 1412 ut
1178 1369 1350 1412 aliorum
1372 1370 1605 1427 perditissi-

205 1459 293 1487 mas
314 1447 463 1500 nempe
483 1443 811 1500 perduellionum
832 1459 975 1486 manus
994 1443 1210 1499 effugeret,
1228 1459 1322 1487 suas
1341 1444 1421 1487 sibi
1449 1445 1604 1487 violen-

206 1523 270 1560 tas
291 1517 456 1559 intulit..
503 1517 718 1559 Sociorum
735 1523 872 1559 autem
903 1523 1088 1573 tempore
1117 1516 1352 1560 rebellionis
1373 1524 1600 1561 amotorum

206 1591 386 1643 nomina,
409 1591 450 1633 in
475 1605 549 1632 suo
571 1605 738 1647 quoque
758 1590 851 1633 loco
870 1597 964 1633 sunt
983 1590 1175 1633 notanda.

265 1664 456 1719 Cumque
477 1664 678 1707 hactenus
699 1664 752 1707 de
783 1663 959 1720 collegio
987 1665 1175 1720 primitus
1204 1664 1391 1717 fundato,
1423 1671 1465 1707 et
1488 1665 1604 1708 dein-

208 1755 306 1797 ceps
336 1741 538 1783 sociorum
568 1746 611 1783 et
632 1739 880 1783 scholarium
910 1739 1141 1795 adjectione
1171 1739 1345 1796 aliisque
1374 1740 1605 1796 largitioni-

207 1814 286 1858 bus
315 1820 436 1857 aucto
465 1814 675 1866 diximus3
721 1820 921 1871 superest,
955 1820 999 1857 ut
1028 1814 1082 1856 de
1108 1813 1273 1870 collegii
1295 1814 1500 1870 magistris
1523 1815 1608 1857 sive

209 1886 469 1938 custodibus,
501 1887 707 1943 sociisque
736 1887 807 1942 qui
835 1887 940 1930 inter
974 1902 1048 1929 nos
1074 1887 1334 1940 studuerunt,
1356 1903 1479 1945 porro
1510 1904 1610 1945 aga-

208 1975 312 2004 mus.
372 1959 491 2003 Dicti
509 1960 699 2003 nimirum
721 1959 832 2002 illius
851 1960 965 2003 haud
987 1960 1153 2003 infaceti
1181 1977 1261 2003 non
1292 1962 1607 2006 immemores-—

207 2048 288 2076 non
308 2033 498 2077 dominus
519 2033 658 2085 domo,
680 2032 754 2075 sed
776 2033 923 2076 domus
943 2033 1110 2076 domino
1132 2034 1431 2078 cohonestatur.

646 2196 832 2240 Nomina
853 2198 1177 2256 Magistrorum.

320 2307 346 2337 1.
373 2305 461 2336 Guil.
477 2304 641 2336 Chubbes.
1021 2309 1071 2338 11.
1094 2308 1178 2339 Tho.
1203 2309 1312 2341 Ithell.

317 2367 347 2397 2.
370 2365 466 2397 Joan.
483 2364 668 2396 Eccleston.
1020 2368 1071 2399 12.
1093 2368 1189 2399 Joan.
1207 2369 1290 2400 Bell.

317 2426 348 2457 ³.
371 2425 471 2457 Thos.
491 2424 646 2457 Alcocke.
1018 2428 1070 2458 13.
1092 2429 1190 2460 Joan.
1211 2429 1352 2472 Duport.

319 2488 352 2518 4.
374 2486 462 2519 Guil.
480 2486 604 2529 Capon.
1019 2488 1067 2518 14.
1092 2487 1212 2530 Roger.
1230 2490 1396 2521 Andrews.

318 2546 349 2576 5.
372 2545 466 2577 Joan.
484 2545 621 2576 Reston.
1019 2549 1067 2579 15.
1089 2548 1176 2580 Guil.
1201 2549 1311 2580 Beale.

318 2605 347 2635 6.
373 2605 470 2636 Edm.
488 2604 671 2647 Pierpoint.
1018 2608 1065 2639 16.
1091 2608 1162 2639 Ric.
1178 2609 1304 2639 sterne.

319 2666 348 2698 7.
372 2665 468 2695 Joan.
486 2664 610 2696 Fuller.
805 2666 807 2669 ’
1019 2669 1068 2703 17.
1092 2671 1187 2702 Joan.
1205 2671 1357 2703 Pearson.

319 2727 349 2757 8.
373 2725 472 2756 Thoe.
488 2725 651 2756 Redman.
1020 2732 1069 2762 18.
1095 2732 1165 2763 Jos.
1183 2733 1376 2764 Beaumont.

320 2787 350 2818 9.
374 2786 458 2817 Edv.
474 2786 670 2828 Gascoigne.
1021 2790 1069 2822 19.
1095 2791 1190 2822 Edm.
1206 2791 1355 2824 Boldero.

299 2846 348 2878 10.
372 2846 471 2894 Joan.
487 2844 608 2878 Lakin.

1351 2940 1377 2966 D
