1936 3224
334 234 389 275 40
921 250 1122 278 nisroum

328 357 524 400 sacellum
555 357 720 414 collegii
750 359 912 414 organis
948 361 1216 416 pneumaticis
1252 362 1384 418 iisque
1415 363 1716 407 sonantioribus

328 435 561 486 caeteroque
591 437 764 487 apparat
793 445 910 474 sacro
930 431 1231 489 splendidoque
1249 443 1473 481 ornaverat.
1496 437 1590 479 novi
1611 437 1714 481 aedi-

329 503 411 547 ficii
440 504 480 546 in
517 504 621 546 atrio
653 504 862 555 exteriori,
895 519 1036 548 versus
1065 505 1227 562 plagam
1258 509 1546 563 aquilonalem,
1582 511 1715 566 prima

325 579 563 622 fundamina
581 580 741 635 posuit:
773 585 968 621 aeternum
990 595 1045 622 sc.
1068 579 1283 623 Musarum
1305 581 1575 635 domicilium,
1592 585 1714 639 juxta

325 659 367 694 et
404 652 578 695 nominis
611 652 673 694 sui
706 659 1021 694 monumentum.
1085 653 1200 695 Huic
1234 659 1315 695 tam
1348 656 1543 710 praeclaro
1579 658 1710 713 operi,

325 727 422 769 dum
463 727 647 770 ultimam
687 726 934 770 admovebat
971 742 1148 778 manum,
1188 727 1387 783 gliscebat
1420 729 1571 772 bellum
1606 730 1712 773 illud

323 803 699 859 Presbyterianum‚
722 809 762 845 et
783 803 844 845 vir
864 802 1128 857 dignissimus
1152 803 1191 845 vi
1221 810 1263 846 et
1292 804 1413 846 armis
1433 805 1486 846 ab
1505 805 1584 848 hoc
1603 821 1709 850 novo

324 876 437 933 quod
474 876 611 919 Musis
649 877 891 919 condiderat
925 876 1104 933 hospitio
1136 884 1309 929 amotus,
1346 878 1385 920 in
1424 892 1549 920 novos
1579 879 1713 924 indies

323 950 533 1004 conjectus
562 957 661 993 erat.

380 1023 566 1066 Custode
586 1023 626 1065 in
646 1023 874 1065 custodiam
895 1023 1062 1075 tradito,
1083 1026 1122 1066 in
1145 1024 1274 1080 ipsius
1303 1024 1437 1066 locum
1467 1025 1710 1070 subintravit

322 1099 505 1142 Thomas
535 1099 703 1154 Young‚
738 1098 878 1150 A.M.‚
916 1106 1057 1155 postea
1095 1099 1265 1150 S.T.P.‚
1302 1099 1476 1142 vicarius
1509 1100 1563 1143 de
1595 1101 1709 1145 Stow

321 1172 489 1215 Market
523 1172 563 1214 in
590 1172 708 1215 Com.
751 1171 943 1222 Suffulk„
981 1171 1362 1223 Sento-Britannus,
1399 1171 1709 1229 Presbyterian-

320 1260 435 1287 orum
458 1244 879 1300 Smectymnianorum
899 1242 1161 1300 Principilus.

376 1318 473 1361 Pari
499 1318 746 1361 authoritate
775 1317 914 1368 fultus,
935 1317 1116 1359 Joannes
1140 1317 1437 1375 .Worthington
1470 1319 1706 1364 Lancastri-

319 1392 439 1443 ensis,
475 1391 639 1447 collegii
672 1390 908 1434 Emanuelis
940 1390 1172 1433 Praesidens
1199 1391 1371 1443 S.T.B.‚
1394 1392 1488 1435 dein
1524 1393 1599 1445 D¹‚
1620 1394 1705 1451 pri-

320 1483 429 1510 mum
461 1472 731 1523 occupantem
753 1466 952 1522 sequitur,
972 1465 1106 1509 Acad.
1129 1466 1479 1509 Procancellarius
1514 1468 1637 1519 1657,
1665 1476 1708 1511 et

318 1541 443 1596 hujus
463 1540 726 1583 Praesecturae
748 1539 824 1582 fuit
845 1538 978 1581 locum
1009 1544 1148 1581 tenens
1178 1554 1308 1595 usque
1328 1540 1382 1583 ad
1407 1556 1555 1584 annum
1581 1543 1705 1595 1660,

318 1631 466 1658 annum
489 1615 609 1657 istum
630 1614 814 1656 ecelesiae
842 1613 967 1669 Angl.
986 1612 1218 1668 jubilaeum,
1250 1628 1398 1656 annum
1427 1613 1703 1669 Platonicum,

317 1691 358 1733 in
379 1704 463 1745 quo
483 1688 633 1740 omnia,
655 1693 810 1745 nupera
832 1687 867 1728 F
869 1687 1118 1729 anaticorum
1139 1687 1254 1729 rabie
1283 1688 1367 1730 suis
1396 1687 1565 1732 sedibus
1594 1697 1703 1733 mota

316 1771 358 1806 et
377 1763 611 1815 deturbata,
631 1763 671 1805 in
692 1769 842 1804 statum
861 1761 1077 1817 pristinum
1096 1762 1410 1818 reponebantur.
1471 1763 1559 1806 Hic
1573 1764 1702 1820 siqui·

317 1839 411 1882 dem
451 1853 593 1889 annus,
625 1836 791 1892 Angliae
833 1835 992 1891 Regem
1028 1835 1326 1878 serenissimum
1358 1835 1553 1879 Carolum
1587 1838 1701 1890 2aum,

315 1912 500 1955 ecclesiae
522 1910 753 1953 Mathaeum
774 1909 951 1953 Eliensis
980 1909 1089 1952 sedis
1118 1908 1373 1965 episcopum,
1404 1909 1569 1966 collegii
1597 1911 1700 1954 Jesu

315 1986 582 2037 visitatorem,
603 1983 779 2040 collegio
798 1983 900 2026 Jesu
923 1983 1028 2024 D¹0¹¹¹
1050 1983 1195 2026 sterne
1224 1983 1436 2026 custodem
1458 1999 1575 2027 suum
1596 1986 1699 2042 vigi-

315 2059 583 2103 lantissimum
613 2058 786 2101 feliciter
820 2056 1020 2100 reddidit.
1078 2058 1215 2107 Quem
1243 2062 1375 2100 tamen
1407 2057 1475 2100 vix
1504 2058 1698 2103 reddide-

314 2141 392 2187 rat,
408 2135 506 2190 quin
528 2140 569 2177 et
589 2134 697 2177 idem
727 2148 854 2176 annus
883 2133 1067 2185 abstulit,
1097 2134 1169 2176 sed
1199 2140 1245 2176 ut
1267 2135 1306 2176 in
1327 2134 1464 2177 sedem
1485 2135 1698 2191 episcopa-

313 2209 394 2252 lem
414 2215 682 2266 promoveret.
742 2208 895 2251 Verum
917 2209 1046 2263 major
1066 2215 1168 2261 erat,
1189 2224 1312 2265 quam
1339 2210 1410 2266 qui
1443 2210 1560 2253 istius
1589 2210 1700 2253 sedis

313 2284 511 2340 angustiis
550 2283 744 2326 contineri
783 2283 855 2326 diu
896 2289 1083 2339 poterat;
1132 2283 1248 2339 proin
1286 2283 1396 2325 idem
1430 2282 1697 2326 Reverendus

311 2362 442 2413 pater,
464 2355 536 2412 qui
557 2355 653 2398 olim
679 2355 805 2399 totius
836 2355 1003 2411 Angliae
1032 2355 1205 2399 Primati
1225 2355 1343 2398 Guil.
1366 2355 1695 2413 Archiepiscopo

313 2431 434 2473 Cant.
451 2445 474 2472 a
494 2429 619 2472 sacris
652 2428 885 2472 domesticis
914 2435 1013 2472 erat.
1074 2428 1196 2472 Anno
1226 2428 1391 2472 demum
1427 2429 1534 2472 1663
1567 2428 1697 2471 evasit

311 2517 516 2546 sacrorum
556 2503 739 2554 antistes,
779 2502 946 2558 Anglioe
985 2502 1145 2545 Primas
1180 2506 1222 2544 et
1252 2500 1601 2558 metropolitanus,
1639 2500 1694 2544 ab

310 2578 549 2636 episcopatu
568 2577 758 2621 nimirum
780 2577 910 2629 carl„
926 2577 980 2620 ad
994 2576 1133 2620 sedem
1149 2575 1558 2633 Archiepiscopalem
1578 2574 1694 2619 Ebo-

309 2666 515 2695 racensem
551 2658 728 2694 evectus.
807 2651 878 2694 Sic
918 2665 1108 2706 magnum
1140 2649 1301 2706 collegii
1331 2654 1373 2692 et
1405 2648 1523 2692 almae
1554 2648 1693 2692 matria

309 2724 531 2768 academiae
550 2724 677 2767 decus
695 2731 738 2767 et
751 2731 1041 2772 ornamentum,
1062 2725 1103 2767 in
1124 2725 1168 2767 S.
1190 2722 1329 2766 matris
1350 2722 1535 2765 ecclesiae
1555 2721 1690 2764 lumen

308 2806 350 2842 et
369 2798 554 2842 columen
575 2798 762 2842 inclaruit
779 2815 788 2841 :

699 2900 764 2923 uno
778 2890 889 2922 avulso
905 2900 969 2921 non
985 2889 1093 2921 deficit
1108 2889 1190 2921 alter

563 2952 697 2982 Aureus.
