1936 3224
594 227 798 256 COLLEGH
829 227 928 256 JESU
957 228 1279 258 CANTABRIGIAE.
1339 211 1342 213 -
1580 216 1631 258 41

302 342 368 384 17.
397 341 578 384 Joannes
607 341 787 385 Pearson
816 349 936 385 natus
962 341 1075 398 apud
1106 341 1284 397 Snoring
1312 340 1354 382 in
1377 339 1496 383 Com.
1518 339 1629 382 Nor-

241 415 353 468 folc.,
381 422 496 473 patre
525 415 600 458 Dre
625 415 807 459 Pearson
837 416 1146 460 Archidiacono
1181 414 1388 466 Norfolc.,
1418 414 1459 456 in
1490 413 1628 456 schola

238 488 439 532 Etonensi
457 488 682 541 institutus,
697 490 737 532 in
759 489 923 545 collegii
944 488 1115 545 Regalis
1145 488 1371 530 scholarem
1401 489 1556 529 electus
1585 493 1627 529 et

238 562 454 614 admissus,
475 567 517 604 et
537 577 588 605 ex
607 562 783 606 scholari
803 564 844 605 in
866 563 1019 608 socium
1041 567 1270 618 cooptatus,
1301 567 1343 604 et
1362 575 1414 603 ex
1433 561 1625 603 sodalitio

238 637 280 679 in
295 634 559 679 Praebendar.
584 637 787 679 Sarisbur.
806 642 848 679 et
868 637 1023 689 Elien.,
1044 637 1086 679 in
1107 636 1503 679 Archidiaconatum
1525 636 1625 679 Sur-

201 724 203 727 ·
237 711 355 763 rien„
387 715 428 753 et
457 711 651 754 vicariam
682 710 737 754 Sti
759 711 1047 767 Christopheri
1077 710 1230 762 Lond.‚
1261 710 1468 761 inductus,
1491 709 1625 751 Reve—

236 785 354 829 rendi
374 785 580 842 Episcopi
601 784 712 828 Carl.
735 784 1011 827 succed'aneus
1035 784 1159 839 hujus
1189 784 1353 840 collegii
1374 789 1509 826 custos
1529 799 1623 826 con-

235 860 402 902 stitutus
440 865 526 901 erat
564 874 656 902 non.
693 859 916 902 Decembr.
962 859 1084 911 1660,
1117 858 1296 910 S.T.D1‚
1346 858 1545 901 beneficio
1584 864 1626 900 et

235 933 468 976 Praebenda
486 933 689 976 Sarisbur.
712 933 904 976 dimissis.
943 934 1143 989 Sequenti
1160 948 1264 975 anno
1280 933 1383 976 S.T.
1397 931 1622 983 Professor,

235 1023 286 1051 ex
299 1007 540 1051 fundatione
560 1008 737 1051 dominae
760 1008 1026 1064 Margaretae,
1057 1008 1260 1050 communi
1282 1006 1440 1051 calculo
1469 1007 1624 1049 electus

234 1089 342 1125 erat:
374 1082 563 1125 omnibus
580 1082 770 1124 nimirum
792 1097 841 1124 ex
862 1083 990 1138 ipsius
1011 1082 1299 1124 commentario
1329 1082 1370 1123 in
1391 1080 1621 1137 symbolum

234 1156 505 1213 apostolicum
526 1171 666 1198 recens
686 1156 814 1208 edito,
849 1155 1011 1198 facilem
1046 1157 1321 1210 conjecturam
1351 1156 1622 1212 capientibus,

234 1229 369 1285 qualis
400 1229 593 1286 deinceps
627 1229 786 1272 futurus
814 1236 902 1272 erat
931 1229 1162 1286 theologus,
1193 1236 1235 1272 et
1271 1244 1393 1285 quam
1424 1230 1622 1273 cathedra

234 1304 396 1359 dignus.

289 1377 594 1420 Bibliothecam
624 1385 666 1420 et
701 1377 889 1420 aerariurn
924 1377 1086 1432 collegii
1117 1377 1233 1419 auxit
1261 1377 1408 1433 legatis
1437 1377 1619 1432 magistri

234 1453 436 1510 Stephani
470 1455 590 1506 Hall,
617 1455 741 1509 hujus
770 1454 935 1510 collegii
969 1453 1236 1496 Praesidentis
1265 1460 1306 1496 et
1337 1453 1515 1496 Eliensis
1539 1453 1621 1495 Ca-

231 1526 384 1578 nonici,
406 1526 473 1568 cui
502 1532 590 1568 erat
616 1532 811 1569 executor
838 1526 1058 1578 solitarius,
1079 1541 1153 1568 nec
1188 1525 1295 1568 fidus
1324 1526 1447 1568 modo
1477 1526 1551 1568 sed
1580 1533 1621 1568 et

231 1607 397 1657 gratus:
458 1600 549 1656 ipso
598 1600 706 1643 enim
744 1606 927 1655 rogante,
969 1599 1201 1642 extulerunt
1242 1599 1496 1656 Stephanum
1543 1600 1618 1642 viri

230 1677 420 1728 εὐλαβεῖς,
454 1688 630 1730 cumque
655 1675 744 1728 ejus
777 1675 964 1730 exequiis
991 1674 1059 1731 pie
1088 1680 1385 1730 parentaverat,
1418 1673 1618 1731 Stephani

231 1746 346 1802 quod
382 1746 586 1803 reliquum
627 1753 729 1790 urna
756 1750 981 1790 marmorea
1011 1748 1052 1790 in
1091 1747 1254 1804 collegii
1293 1748 1443 1790 sacello
1479 1747 1617 1791 claudi

226 1820 362 1874 jussit.

285 1893 442 1937 Verum
461 1894 627 1938 biennio
646 1895 827 1938 nondum
847 1901 1008 1949 exacto,
1029 1896 1092 1938 vir
1110 1895 1356 1939 clarissimus
1384 1911 1435 1939 ex
1457 1897 1617 1940 aedibus

227 1968 342 2011 hisce
375 1969 522 2011 nostris
566 1969 885 2025 augustioribus,
924 1970 979 2013 ad
1018 1970 1130 2012 aedes
1169 1970 1360 2013 basilicas
1398 1971 1616 2014 translatus

228 2048 330 2095 erat,
347 2043 540 2086 mandato
561 2044 751 2086 nimirum
772 2044 1016 2087 serenissimi
1036 2044 1236 2101 principis
1268 2045 1409 2087 Caroli
1429 2046 1501 2098 2⁶1,
1531 2045 1615 2088 col-

226 2116 328 2171 legii
347 2114 417 2160 S‘ae
446 2121 488 2159 et
508 2117 732 2160 individuae
753 2118 969 2161 Trinitatis
989 2119 1182 2175 magister
1201 2119 1420 2162 institutus.
1481 2120 1615 2163 Haud

226 2197 363 2234 tamen
392 2191 507 2247 prius
538 2192 738 2244 discessit,
761 2207 885 2248 quam
919 2193 974 2236 ad
1001 2192 1195 2236 sacellum
1224 2193 1387 2250 collegii
1417 2209 1611 2237 exornan-

226 2265 326 2308 dum
346 2265 576 2321 symbolum
596 2265 649 2308 de
670 2266 838 2322 proprio
863 2281 944 2309 aere
964 2267 1183 2322 adjecerat.

282 2337 383 2381 Duo
404 2339 444 2381 in
464 2339 544 2381 hac
564 2339 773 2382 academia
803 2341 991 2397 collegia,
1020 2341 1061 2384 in
1082 2342 1201 2383 unius
1222 2341 1405 2398 episcopi
1434 2341 1613 2385 Eliensis

226 2411 455 2455 clientelam
486 2412 538 2455 ab
567 2413 666 2469 ipsis
686 2417 899 2470 utriusque
920 2414 1084 2470 collegii
1114 2415 1304 2471 primitus
1319 2416 1442 2470 jactis
1466 2415 1611 2458 funda-

224 2487 383 2539 mentis,
403 2493 707 2530 concesserant:
739 2488 885 2531 domus
905 2489 1096 2532 nimirum
1119 2490 1163 2534 S.
1184 2490 1299 2532 Petri
1318 2497 1360 2533 et
1380 2490 1473 2533 coll.
1492 2491 1522 2533 J
1524 2506 1611 2533 esu.

224 2558 491 2603 Reverendus
522 2561 563 2604 in
589 2562 757 2605 Christo
788 2569 921 2619 pater,
951 2563 1135 2606 ecclesiae
1158 2565 1282 2607 dictae
1314 2565 1532 2622 episcopus
1561 2581 1612 2608 ex

223 2633 353 2677 alteria
374 2634 588 2680 Musarum
619 2637 735 2694 sylva
767 2638 902 2681 ilicem
922 2653 1042 2681 unam
1063 2639 1321 2695 grandiorem
1340 2647 1381 2683 et
1402 2655 1611 2697 proceram

216 2707 353 2764 magis
374 2709 415 2751 in
437 2708 574 2752 lucum
594 2711 823 2754 Jesuanum
844 2711 1042 2755 transfert.

281 2784 346 2828 18.
376 2785 586 2842 Josephus
604 2787 971 2831 Bello-Montanus
991 2795 1110 2832 natus
1130 2789 1171 2832 in
1192 2789 1376 2846 emporio
1405 2790 1460 2833 de
1489 2789 1612 2833 Had-

221 2857 333 2914 leigh
353 2859 395 2903 in
417 2860 536 2905 Com.
559 2861 682 2915 Suff„
709 2861 873 2919 collegii
900 2863 943 2907 S.
967 2862 1082 2907 Petri
1115 2863 1213 2907 olim
1246 2864 1396 2918 socius,
1426 2863 1616 2907 ecclesiae'

1422 2954 1445 2982 Ε
