1936 3224
318 232 372 273 38
901 246 1107 275 nisi-oms

380 355 443 398 12.
473 355 501 397 J
505 369 655 396 oannes
669 354 778 406 Bell,
800 354 963 411 collegii
983 356 1027 398 S.
1044 355 1215 398 Joannis
1235 355 1435 409 alumnus,
1451 357 1546 401 dein
1567 359 1707 402 socius

321 427 485 484 collegii
499 429 543 471 S.
559 426 673 470 Petri
686 428 841 470 ibidem
862 427 969 471 Eliz.
986 429 1118 485 primo
1138 428 1384 474 Procurator
1396 431 1530 475 Acad.
1546 432 1702 477 S.T.P.

316 502 438 557 hujus
477 500 639 557 collegii
679 500 904 543 Praefectus
947 501 1232 545 nominabatur
1274 503 1382 547 Eliz.
1417 506 1534 558 21¹⁰0,
1584 506 1705 549 Rev⁶¹

317 577 444 632 patris
467 575 638 618 Ricardi
657 575 750 618 Cox
772 574 958 631 episcopi
979 574 1158 618 Eliensis
1178 577 1416 630 sacellanus,
1436 579 1704 636 ejusdemque

317 650 501 693 ecclesiae
523 650 757 700 canonicus,
794 657 835 691 et
855 665 878 691 e
898 650 1094 692 canonico
1123 650 1250 693 evasit
1281 650 1487 694 Decanus.
1547 651 1704 696 Rector

317 724 371 766 de
392 723 604 767 Fulburne
634 724 680 766 S.
714 723 875 778 Vigarii
906 730 944 765 et
976 722 1124 766 Ditton
1143 724 1185 766 in
1213 725 1331 768 Com.
1353 724 1492 777 Cant„
1523 724 1702 769 Procan·

317 799 472 842 cellarii
493 798 613 841 titulo
633 806 799 841 ornatus
825 799 943 842 1582.

377 875 439 917 13.
470 873 649 916 Joannes
670 872 839 929 Duport
868 873 921 914 de
940 873 1156 928 Shepshed
1187 874 1228 916 in
1259 875 1376 917 Com.
1402 874 1597 918 Leicestr.
1621 883 1701 918 ter-

317 951 399 993 tius
427 949 592 1006 legitur,
615 949 686 1005 qui
705 965 728 991 e
749 948 913 1005 collegii
943 949 1069 1001 socio,
1090 949 1131 991 in
1151 949 1337 1004 ejusdem
1366 949 1577 992 custodem
1607 964 1702 1006 pro-

316 1024 556 1067 movebatur
586 1023 693 1066 Eliz.
715 1024 823 1075 32⁶0,
860 1022 1014 1066 S.T.P.
1049 1026 1182 1066 rector
1213 1022 1267 1065 de
1298 1022 1474 1065 Fulham
1505 1024 1546 1066 in
1581 1023 1701 1069 Com.

317 1098 588 1150 Middlesex„
609 1103 741 1140 rector
760 1096 814 1139 de
834 1095 1047 1139 Bosworth
1067 1101 1109 1138 et
1127 1095 1362 1140 Medburne
1391 1097 1431 1138 in
1456 1097 1572 1140 Com.
1595 1112 1701 1154 prae-

317 1174 446 1226 dicto,
468 1172 703 1215 Praecentor
719 1170 903 1213 ecclesiae
935 1170 991 1212 D.
1011 1169 1148 1221 Pauli,
1181 1170 1466 1222 Londinensis,
1496 1170 1701 1225 ejusdem-

316 1262 397 1304 que
415 1246 599 1289 ecclesiae
615 1245 757 1296 cath„
779 1259 933 1286 necnon
948 1250 988 1286 et
1012 1242 1190 1286 Eliensis
1210 1244 1442 1286 canonicus.
1498 1243 1702 1286 Procura-

316 1323 418 1365 toria
455 1321 657 1376 dignitate
706 1326 876 1363 ornatus
928 1319 1051 1370 1580,
1093 1317 1410 1362 Procancellarii
1453 1320 1700 1363 authoritate

316 1395 449 1438 clarus
474 1395 597 1446 1593,
623 1394 747 1446 1594,
776 1393 896 1445 1601,
923 1393 1046 1444 1609,
1068 1391 1231 1450 collegii
1252 1399 1388 1436 custos
1406 1400 1448 1436 et
1466 1393 1701 1437 benefactor

315 1469 434 1512 dedit
452 1475 690 1525 perpetuam
711 1467 1019 1510 advocationem
1039 1466 1092 1510 de
1113 1466 1334 1510 Harleton.

369 1542 448 1585 Vir
466 1541 659 1597 equidem
682 1540 889 1583 literarum
918 1539 1160 1583 Graecarum
1182 1539 1508 1592 callentissimus,
1530 1547 1572 1583 et
1600 1540 1700 1584 dum

313 1617 438 1672 hujus
468 1615 632 1671 collegii
662 1620 797 1657 custos
826 1621 928 1665 erat,
964 1612 1092 1656 filium
1125 1613 1330 1656 Jacobum
1369 1621 1465 1657 natu
1506 1615 1700 1657 minorem

315 1690 527 1733 seminavit
568 1689 897 1742 Hellenisticum‚
931 1689 1095 1731 Graecae
1134 1688 1323 1731 nimirum
1358 1688 1509 1743 linguae
1549 1690 1590 1731 in
1623 1689 1701 1732 hac

315 1764 527 1807 academia
560 1763 838 1806 Professorem
864 1763 987 1814 1640,
1022 1762 1187 1818 collegii
1217 1762 1262 1805 S.
1294 1762 1409 1805 Trin.
1446 1762 1702 1818 vicomagis-

315 1845 438 1890 trum,
461 1838 660 1880 decanum
682 1837 1065 1893 Petroburgensem.

381 1913 444 1954 14.
494 1911 684 1967 Roget-us
717 1910 919 1954 Andrews
959 1910 1247 1962 Londinensis,
1286 1909 1459 1962 S.T.P.,
1498 1910 1702 1952 secundus

260 2001 262 2003 ·
315 1987 476 2042 legitur,
517 1986 589 2041 qui
625 2001 648 2027 e
687 1984 799 2027 socio
838 1983 943 2027 aulae
976 1983 1347 2035 Pembrochiensis,
1394 1982 1557 2038 collegii
1597 1983 1700 2026 Jesu

315 2066 451 2102 custos
472 2059 615 2109 evasit,
636 2064 677 2100 et
708 2057 853 2100 eodem
883 2057 1051 2113 quidem
1079 2072 1199 2109 anno,
1231 2071 1314 2113 quo
1339 2061 1498 2099 cometa
1526 2056 1596 2098 ille
1614 2071 1699 2099 me-

314 2131 523 2176 morabilis
543 2132 583 2174 in
606 2131 713 2173 coelo
734 2131 976 2187 comparuit,
1002 2146 1064 2172 an.
1083 2130 1275 2172 nimirum
1300 2130 1422 2181 1618,
1443 2129 1617 2172 vicarius
1646 2129 1700 2172 de

316 2204 520 2262 Chigwell
542 2205 581 2247 in
604 2203 723 2247 Com.
746 2203 892 2246 Essex.
924 2203 1020 2244 dein
1041 2210 1172 2245 rector
1193 2202 1247 2245 de
1268 2202 1484 2245 Cockfield
1514 2203 1556 2245 in
1578 2203 1698 2246 Com.

315 2280 508 2331 Suffolk„
531 2279 584 2321 de
606 2277 810 2321 Cheviton
831 2277 872 2320 in
894 2277 1014 2320 Com.
1030 2277 1179 2328 Hant.,
1201 2286 1241 2319 et
1269 2284 1403 2320 rector
1421 2276 1605 2319 ecclesiae
1624 2276 1700 2320 do-

313 2356 460 2398 nativae
491 2353 545 2395 de
578 2350 759 2395 Emneth
790 2350 831 2392 in
868 2348 995 2392 insula
1031 2348 1205 2401 Eliensi,
1247 2350 1465 2392 canonicus
1505 2349 1697 2403 Eliensis,

315 2427 666 2477 Southwellensis‚
679 2425 992 2477 wintoniensis,
1005 2425 1128 2467 etiam
1143 2430 1185 2467 et
1199 2425 1482 2477 Cicestrensis,
1494 2424 1698 2480 eJusdem-

314 2519 394 2560 que
415 2502 598 2546 ecclesiae
620 2499 743 2543 Cath.
766 2498 1098 2541 Archidiaconus
1117 2504 1159 2540 et
1180 2497 1471 2541 cancellarius.

372 2578 514 2630 Hujus
534 2576 573 2618 in
590 2573 761 2616 eandem
782 2572 908 2623 cedit,
931 2572 1045 2628 quod
1065 2572 1246 2614 omnium
1277 2573 1447 2628 primus,
1468 2589 1492 2614 a
1521 2572 1698 2629 collegio

312 2650 503 2706 primitus
544 2647 729 2698 fundato,
769 2646 1074 2702 ephemeridem
1109 2647 1193 2688 sive
1231 2647 1448 2701 registrum
1495 2646 1696 2689 conscribi

312 2723 493 2767 curavit:
528 2726 570 2764 et
602 2735 696 2763 sane
727 2735 819 2762 cum
846 2735 965 2762 nemo
995 2720 1191 2762 hactenus
1220 2719 1396 2775 collegio
1429 2736 1454 2762 a
1487 2720 1695 2771 memoria,

312 2797 501 2840 nimirum
526 2795 800 2849 Registrarius
829 2794 1025 2844 extiterit,
1058 2794 1294 2849 neutiquam
1327 2794 1464 2836 mirari
1496 2793 1630 2845 liceat,
1661 2794 1695 2835 si

312 2870 544 2927 antiquiora
579 2868 742 2923 collegii
778 2874 869 2909 acta
904 2867 1116 2911 tradantur
1143 2867 1355 2910 oblivioni.
1418 2867 1697 2917 Quamobrem
