1936 3224
341 212 392 255 14
925 230 1125 259 ffls‘roam

336 337 540 380 donarunt
560 343 688 380 terras
707 338 763 380 ad
783 354 900 381 usum
922 339 1070 382 domus
1100 356 1194 397 quae
1226 341 1444 386 dicebatur
1475 344 1727 398 Infirmariae,

335 412 362 454 i.
379 427 414 454 e.
438 412 492 454 ad
511 413 778 455 sustentanda
796 429 920 457 onera
941 415 1179 458 monialium
1201 417 1501 473 aegrotantium.
1558 417 1734 476 Insuper

335 485 389 527 ad
420 486 652 529 condienda
681 487 836 530 cibaria
866 489 1109 545 quadrages.
1143 490 1401 547 Reginaldus
1436 491 1544 535 filius
1580 493 1731 549 Hugo·

334 560 398 601 nis
419 560 537 602 dedit
567 567 648 603 tres
669 561 838 604 cumbas
861 563 939 620 [12
959 564 1141 622 modios]
1176 571 1240 616 (ut
1270 566 1395 608 verbo
1425 552 1554 622 ipsius
1583 566 1731 610 instru-

334 633 460 675 menti
486 633 717 676 donationis
744 639 855 688 utar)
883 636 979 678 salis
993 638 1210 690 quotannis
1226 639 1477 694 pendendas.
1535 640 1731 697 Denique

333 723 386 750 ne
416 709 619 760 deessent,
655 711 727 765 qui
757 710 890 754 officia
929 712 1171 767 quotidiana
1199 719 1241 755 et
1279 716 1503 757 necessaria
1541 715 1730 759 Dominae

334 783 545 826 Priorissae
575 792 616 826 et
646 784 867 828 Monachis
897 794 1152 842 praestarent,
1186 787 1350 831 Amicia
1380 788 1521 831 Bacun
1542 790 1730 846 superius

333 867 556 901 memorata
577 859 722 902 iisdem
744 861 852 903 dona
873 861 990 905 dedit
1005 862 1122 905 Guil.
1144 863 1378 920 Chamneys
1389 865 1573 907 nativum
1594 881 1728 918 suum,

334 948 427 976 cum
447 937 530 976 tota
550 935 715 991 sequela
734 937 838 990 ejus,
862 937 901 979 in
923 953 1066 994 puram
1085 946 1126 981 et
1147 945 1309 995 perpet.
1331 940 1642 997 eleemosynam.

391 1007 473 1050 Per
492 1010 628 1052 omnia
649 1010 707 1052 ire
727 1026 806 1053 non
827 1011 939 1063 licet,
960 1027 1009 1054 eo
1029 1014 1141 1068 quod
1162 1014 1325 1056 chartas
1345 1014 1384 1056 in
1409 1014 1728 1059 Coll.Archivis

335 1082 535 1138 repositas
566 1089 610 1136 (e
640 1084 791 1139 quibus
822 1092 970 1128 caetera
1001 1086 1280 1142 depromenda
1300 1088 1454 1142 forent)
1481 1087 1598 1140 alias,
1626 1103 1728 1144 quo-

334 1156 508 1198 rundam
547 1158 703 1200 incuria
733 1159 903 1202 maculis
935 1160 1185 1217 deturpavit,
1220 1160 1321 1203 alias
1354 1177 1496 1204 manus
1529 1161 1730 1218 sacrilega

335 1227 523 1284 diripuit,
545 1229 646 1272 alias
666 1230 845 1287 denique
864 1238 1026 1289 tempus
1045 1248 1178 1276 rerum
1199 1233 1308 1276 edax
1327 1235 1594 1290 consumpsit.

393 1301 523 1351 Quod
552 1303 605 1346 ad
636 1320 833 1348 summam
861 1307 1027 1349 totalem
1054 1308 1232 1350 omnium
1268 1308 1503 1351 reddituum
1533 1308 1587 1350 ad
1617 1308 1727 1365 prio-

335 1381 466 1418 ratum
487 1378 774 1433 spectantium,
797 1395 875 1422 non
896 1381 1030 1423 habeo
1052 1381 1164 1436 quod
1186 1381 1359 1424 fidenter
1373 1388 1561 1424 statuam.
1605 1381 1724 1425 Non-

333 1447 467 1491 nullas
480 1448 656 1493 Rotulas
675 1458 891 1508 computus
908 1454 998 1509 (qui
1017 1454 1235 1509 quotannis
1255 1454 1308 1497 ad
1324 1454 1470 1498 festum
1488 1454 1621 1498 Mich.
1634 1470 1727 1512 per-

336 1521 568 1579 ficiebatur)
599 1525 775 1580 inspexi,
807 1540 979 1581 quarum
1009 1542 1187 1569 summas
1207 1527 1354 1569 totales
1374 1527 1505 1570 oculis
1524 1527 1727 1583 subjicere

334 1597 465 1639 visum
493 1605 567 1641 est.

1373 1661 1422 1686 lib.
1465 1661 1507 1687 sh.
1553 1662 1580 1687 d.

336 1727 506 1771 Summa
522 1730 660 1773 totalis
815 1703 929 1895 {Am
953 1704 1023 1747 29·
1046 1706 1159 1748 Hen-
1182 1707 1241 1747 δώ
1371 1704 1426 1747 24
1454 1705 1504 1747 Ol
1547 1706 1596 1746 10
1616 1705 1671 1748 ob

433 1815 442 1823 ,
658 1817 666 1826 ,
848 1777 930 1821 An.
952 1780 1019 1821 30.
1045 1780 1156 1822 Hen.
1180 1782 1240 1822 6ιῖι
1368 1780 1424 1821 32
1458 1779 1509 1821 10
1537 1780 1595 1822 02

335 1829 514 1858 ⁰¹¹¹¹¹¹¹¹¹¹¹
547 1817 783 1861 ‘eddstuum
847 1853 1238 1897 A11.39.Hen.6t11
1367 1855 1421 1896 74
1449 1855 1506 1896 02
1533 1855 1590 1896 04

391 1924 544 1967 Verum
576 1926 667 1969 haec
697 1927 841 1970 ultima
882 1928 1029 1981 rotula,
1061 1929 1165 1971 inter
1199 1927 1388 1970 redditus
1427 1943 1569 1979 annos,
1608 1927 1727 1985 plura

334 2002 538 2057 arreragia
588 2005 730 2059 (prout
777 2003 1038 2059 dicebantur)
1078 2010 1119 2046 et
1167 2011 1332 2061 recepta
1378 2003 1578 2045 forinseca
1615 2017 1726 2045 com-

335 2073 607 2130 plectebatur,
640 2077 744 2119 adeo
779 2085 841 2119 est
874 2093 953 2120 non
989 2084 1072 2120 tam
1101 2093 1151 2120 ex
1182 2077 1323 2120 ultima
1353 2092 1475 2133 quam
1511 2092 1561 2119 ex
1591 2076 1726 2119 media

334 2148 465 2193 rotula
500 2148 553 2191 de
596 2153 750 2192 summa
794 2150 909 2193 totali
947 2151 1182 2194 reddituum
1216 2151 1419 2207 prioratus
1454 2150 1724 2205 judicandum

333 2237 421 2264 esse
451 2228 630 2266 autumo.

392 2295 576 2352 Singulae
592 2297 736 2339 rotulae
757 2297 895 2353 lingua
916 2298 1041 2340 latin&
1058 2301 1151 2355 (per
1171 2298 1427 2354 capellanum
1448 2299 1630 2355 opinor),
1649 2298 1723 2340 sed

334 2370 507 2415 barbara
527 2379 567 2414 et
588 2372 892 2428 Anglicissimis
922 2374 1075 2429 ubique
1104 2389 1304 2430 respersa,
1325 2379 1440 2416 erant
1460 2373 1720 2416 concinnatae.

334 2443 406 2486 Ad
420 2444 539 2486 finem
555 2446 674 2488 unius
689 2447 833 2488 rotulae
849 2447 1177 2503 precatiunculas
1188 2447 1399 2490 observavi
1415 2445 1722 2499 S.Ethelredae,

334 2517 536 2560 Ecclesiae
555 2518 692 2562 Elien.
715 2520 925 2572 sanctulae,
948 2521 1132 2577 adjectas
1151 2520 1287 2563 fuisse.
1331 2522 1379 2562 In
1400 2520 1560 2563 caeteris
1579 2520 1722 2563 rotulis

335 2591 378 2634 S.
412 2606 577 2647 quoque
608 2592 943 2650 Rhadegundam
963 2595 1110 2651 opinor
1130 2594 1385 2637 invocabant.
1446 2593 1506 2637 Et
1525 2594 1722 2637 hactenus

334 2666 386 2708 de
418 2665 654 2709 Fundatore
683 2673 724 2710 et
755 2668 1094 2713 Benefactoribus
1133 2669 1257 2724 hujus
1297 2670 1456 2712 Domus
1499 2668 1719 2726 Religiosae

334 2739 528 2782 diximus.

390 2813 459 2857 De
488 2815 700 2858 Priorissis
729 2822 771 2859 et
799 2815 1056 2860 Monialibus
1085 2818 1126 2860 in
1146 2818 1225 2861 hac
1245 2818 1369 2861 domo
1390 2818 1595 2876 professis,
1627 2832 1719 2874 quae

333 2889 386 2931 ad
408 2904 570 2932 manum
590 2890 804 2943 habemus,
825 2891 1107 2935 subnectenda
1126 2900 1232 2936 sunt.
