1936 3224
609 223 815 253 commu
845 223 946 252 JESU
977 223 1298 253 cANTABmmAE.
1605 213 1661 253 23

252 348 443 392 cellulam
473 348 677 405 virginum
713 349 955 402 velatarum,
978 349 1204 392 academiae
1235 355 1319 392 tam
1352 349 1544 406 proxime
1563 351 1663 394 vici-

251 437 361 475 nam,
382 423 422 466 in
445 422 665 479 collegium
687 423 957 476 studentium,
982 424 1055 479 qui
1085 422 1216 466 cultui
1247 423 1403 475 divino,
1425 440 1448 466 a
1468 424 1657 467 moniali-

251 495 330 539 bus
364 496 522 552 jugiter
563 496 788 549 celebrato,
849 497 1049 539 bonarum
1094 497 1260 548 artium,
1305 502 1348 539 et
1397 497 1659 540 scientiarum

251 569 435 614 studium
473 570 761 626 adjvngerent‚
808 571 1043 614 transtulit:
1092 570 1414 613 munificentiam
1459 571 1660 628 denique,

250 645 366 701 quod
398 645 582 688 ruinosas
613 645 851 687 monialium
885 644 1012 697 aedes,
1045 646 1085 687 in
1118 644 1417 701 amplissimum
1449 660 1655 688 musarum

250 717 508 762 domicilium
530 719 785 761 instauravit.

307 795 543 852 Collegium
587 797 635 838 eii
676 795 805 851 figura
842 796 895 838 ab
938 796 1039 852 ipsis
1079 795 1202 852 plane
1243 795 1520 839 fundamentis
1560 813 1654 840 con-

250 870 400 912 struxit
434 885 528 926 quae
557 870 848 912 monasterium
869 870 1090 912 etiamnum
1112 870 1277 921 referat,
1299 876 1341 912 et
1371 876 1570 926 quantum
1601 872 1656 914 ad

253 943 389 991 situm,
406 944 450 986 id
472 947 566 986 sane
587 943 667 987 loci
688 949 881 999 occupat,
900 943 1013 999 quod
1047 945 1172 986 musis
1192 951 1254 987 est
1275 945 1655 988 accommodatissi-

251 1032 381 1068 mum,
393 1017 469 1061 viz.
486 1017 539 1060 ab
560 1017 865 1074 oppidanorum
887 1017 1059 1073 strepitu
1076 1023 1117 1059 et
1132 1017 1309 1060 tumultu
1323 1017 1657 1061 remotissimum.

250 1090 381 1141 Quod
402 1091 648 1133 observabat
669 1090 768 1133 olim
790 1090 1071 1132 serenissimus
1102 1105 1173 1132 rex
1194 1090 1397 1142 Jacobus,
1428 1098 1470 1134 et
1499 1107 1549 1135 eo
1584 1108 1657 1135 no-

250 1165 358 1207 mine
388 1164 609 1220 collegium
638 1165 758 1216 Jesu,
788 1173 986 1220 tanquam
1017 1179 1224 1207 musarum
1246 1165 1655 1222 Cantabrigiensium

250 1253 448 1282 musaeum
470 1238 668 1281 laudavit.

306 1312 431 1356 Circa
458 1327 606 1355 annum
639 1313 771 1354 llmum
794 1313 905 1355 Hen.
930 1314 997 1355 7m1
1029 1312 1299 1355 Reverendus
1330 1317 1448 1369 pater
1489 1315 1509 1354 ὁ
1538 1332 1656 1368 μακα-

248 1393 351 1441 ρίτης
385 1387 584 1430 fabricam
609 1387 838 1429 instaurare
859 1387 1004 1443 coepit,
1024 1387 1134 1429 circa
1157 1387 1266 1442 regis
1296 1388 1386 1442 ejus
1416 1403 1564 1430 annum
1591 1389 1657 1440 15,

250 1461 492 1516 magistrum
514 1461 599 1503 sive
619 1461 848 1512 custodem,
871 1462 1056 1516 quinque
1077 1461 1225 1511 socios,
1248 1467 1288 1503 et
1321 1476 1391 1504 sex
1417 1477 1583 1518 pueros,
1605 1478 1657 1505 ex

250 1533 454 1578 reditibus
475 1535 529 1576 ad
551 1535 851 1577 Monasterium
875 1536 920 1578 S.
946 1534 1055 1578 Rad.
1078 1534 1176 1576 olim
1208 1535 1510 1590 pertinentibus
1542 1537 1653 1579 alen-

250 1608 330 1651 dos
350 1608 528 1651 induxit.

309 1681 447 1724 Tanto
482 1682 691 1724 literarum
734 1690 923 1738 patrono,
959 1683 1130 1738 jamque
1165 1682 1427 1738 amplissimae
1468 1684 1652 1727 ecclesiae

250 1755 427 1799 feliciter
453 1764 663 1813 praeeunte
694 1762 735 1799 et
763 1763 1013 1799 monstrante
1035 1757 1157 1809 viam,
1179 1757 1250 1800 alii
1280 1774 1377 1801 mox
1408 1759 1482 1802 viri
1516 1760 1656 1803 claris-

250 1831 343 1873 simi
372 1830 702 1887 pientissimique
732 1832 878 1887 optimi
914 1831 1102 1887 praesulis
1131 1838 1174 1875 et
1203 1833 1434 1877 fundatoris
1464 1837 1652 1892 vestigia,

249 1903 347 1947 licet
366 1920 446 1948 non
460 1906 649 1962 passibus
665 1906 794 1962 aequis
815 1912 1061 1962 prementes,
1076 1907 1279 1950 sociorum
1296 1915 1337 1951 et
1354 1909 1653 1966 discipulorum

249 1992 462 2021 numerum
480 1979 596 2021 novis
618 1978 785 2035 insuper
806 1979 889 2036 suis
909 1979 1219 2022 fundationibus
1240 1983 1440 2024 auxerint.

307 2051 427 2101 Quos
447 2052 554 2095 inter
583 2053 713 2108 primo
744 2053 1017 2095 nominandus
1046 2054 1156 2096 venit
1182 2055 1231 2098 R.
1251 2054 1300 2099 P.
1324 2055 1351 2097 J
1355 2056 1509 2099 acobus
1531 2057 1654 2100 Stan-

248 2123 315 2182 ley
345 2125 566 2182 episcopus
596 2126 733 2169 Elien.
755 2127 874 2169 30ῐιῃιε
910 2126 1030 2182 primi
1061 2127 1222 2169 comitis
1255 2127 1500 2171 Derbiensis
1528 2129 1656 2172 frater

249 2213 481 2255 germanus,
504 2200 577 2255 qui
600 2200 756 2242 fructus
776 2201 961 2243 rectoriae
982 2201 1167 2244 ecclesiae
1188 2202 1438 2258 parochialis
1456 2203 1510 2245 de
1531 2204 1655 2247 Shel-

247 2272 342 2316 ford
364 2274 500 2328 Mag.,
529 2274 569 2315 in
600 2274 690 2328 ejus
710 2275 928 2329 patronatu
951 2269 1113 2329 positae,
1145 2275 1198 2316 ad
1229 2290 1377 2318 novum
1411 2277 1649 2319 sodalitium

249 2347 525 2399 fundandum,
548 2348 626 2388 una
659 2362 752 2389 cum
781 2353 1036 2403 praeceptore
1057 2351 1349 2403 grammaticus
1381 2357 1423 2392 et
1456 2350 1653 2393 hostiario

251 2420 514 2477 appropriari
538 2419 649 2462 fecit.

308 2495 474 2538 Statuta
513 2494 679 2550 insuper
725 2494 911 2536 Jacobus
955 2495 1128 2537 consilio
1168 2511 1242 2538 suo
1301 2497 1504 2549 condidit,
1556 2513 1648 2553 quae

249 2566 389 2609 Julius
407 2568 491 2609 2⁶⁰⁸
509 2566 695 2624 pontifex
711 2566 939 2619 Romanus,
960 2567 1080 2610 simul
1097 2575 1139 2611 et
1159 2569 1326 2625 collegii
1347 2570 1649 2623 fundationem,

249 2642 497 2685 authoritate
528 2641 773 2699 Apostolica
805 2642 989 2685 sancivit.
1052 2645 1233 2686 Joannes
1263 2644 1499 2700 episcopus,
1531 2646 1649 2700 cujus

248 2731 397 2758 nomen
417 2716 471 2758 sit
496 2716 870 2768 benedictionibus,
890 2716 1055 2759 vivendi
1081 2717 1280 2759 rationem
1312 2717 1648 2771 subministravit,

249 2789 410 2831 Joanne
424 2795 554 2831 morte
583 2789 793 2845 repentina
813 2790 992 2843 sublato,
1014 2791 1201 2834 Jacobus
1231 2791 1327 2834 dein
1358 2792 1524 2835 vivendi
1554 2808 1646 2835 nor-

252 2877 356 2905 mam
378 2862 595 2906 adhibuit:
629 2878 720 2918 quae
744 2864 936 2907 disertius
957 2866 1137 2908 notanda
1164 2865 1370 2918 duxerim,
1393 2867 1507 2922 quod
1528 2868 1649 2910 God-
