1936 3224
571 232 776 261 coLLEGn
807 231 907 259 Jusu
938 230 1265 259 CANTAssmfflAE.
1574 213 1622 254 17

224 344 309 395 die,
324 343 532 387 celebrata
554 342 668 398 prius
688 341 830 391 missa,
853 344 892 382 in
916 339 1088 383 ecclesia
1110 337 1386 388 conventuali,
1413 342 1455 378 et
1470 336 1625 378 monia-

224 418 334 461 libus
353 417 407 460 ad
438 417 615 459 sonitum
637 430 847 471 campanae
885 414 926 456 in
958 414 1083 455 domo
1106 411 1325 468 capitulari
1352 409 1625 467 comparenti-

225 493 319 544 bus,
355 493 565 534 decretum
601 498 678 542 est,
711 496 793 532 tres
819 490 1018 531 moniales
1049 487 1203 543 eligere
1233 486 1625 543 compromissorias,

224 568 300 610 viz.
331 566 538 609 dominam
569 566 775 608 Joannam
808 564 1047 614 Lancaster,
1082 562 1189 605 Eliz.
1213 561 1400 612 Walton,
1430 567 1472 603 et
1491 560 1623 603 Kath.

225 639 472 696 SeynteIOW,
497 654 591 695 quae
613 639 729 696 prius
750 639 969 693 adjuratae,
991 637 1188 692 suffragia
1209 651 1282 678 sua
1302 636 1437 692 primo
1458 635 1625 687 ferrent,

223 729 321 756 mox
351 713 391 756 in
421 714 611 756 scrutinis
640 719 808 763 starent,
840 718 881 753 et
911 726 1172 754 consororum
1204 716 1443 767 (postquam
1475 712 1625 766 juratae

221 786 403 843 fuerant)
426 787 623 842 suffragia
644 787 891 842 acciperent.

282 861 432 904 Forma
448 861 669 916 juramenti
691 861 880 903 adhibita
896 859 989 902 talis
1005 866 1092 902 erat
1106 858 1273 914 z—Ego
1288 858 1331 901 J.
1347 859 1395 901 L.
1415 858 1563 913 adjuro
1585 864 1626 900 te

223 949 299 990 per
319 939 494 991 patrem,
517 933 661 985 filiurn,
684 940 725 975 et
755 949 786 975 S.
811 932 1016 989 spiritum,
1033 937 1074 973 et
1100 932 1140 973 in
1174 932 1319 973 animae
1350 937 1432 973 tuae
1463 932 1626 987 pericu·

223 1007 325 1059 lum,
342 1014 388 1050 ut
398 1007 623 1050 secundum
643 1006 781 1049 Deum
802 1015 844 1049 et
858 1006 1149 1048 conscientiam
1167 1013 1295 1056 tuam,
1315 1004 1427 1047 illam
1444 1005 1628 1048 nomines

223 1087 267 1125 et
295 1082 424 1138 eligas
454 1083 495 1125 in
523 1082 783 1134 priorissam,
818 1097 941 1137 quam
977 1082 1074 1124 huic
1095 1082 1303 1124 Prioratui
1325 1081 1485 1123 vacanti
1515 1080 1627 1123 utili-

225 1172 341 1199 orem
363 1172 452 1199 esse
473 1157 623 1199 credis.

283 1231 520 1274 Secundum
541 1230 646 1273 hanc
679 1231 846 1273 formam
878 1231 1080 1286 adjuratae
1113 1235 1228 1272 erant
1258 1229 1469 1282 moniales,
1493 1231 1627 1286 primo

223 1308 499 1356 scrutatrices,
521 1312 562 1347 et
592 1305 686 1347 dein
719 1305 915 1361 suffragia
946 1305 1102 1347 dabant
1133 1305 1173 1346 in
1195 1304 1286 1346 haec
1315 1305 1440 1347 verba
1458 1305 1627 1361 z—Ego

222 1381 266 1424 J.
285 1381 335 1424 L.
378 1381 589 1423 consentio
630 1381 669 1423 in
711 1381 771 1423 N.
796 1381 871 1432 N.,
899 1382 1116 1438 ipsamque
1158 1381 1323 1423 nomino
1363 1389 1404 1423 et
1443 1380 1554 1437 eligo
1586 1382 1626 1423 in

224 1454 466 1498 Priorissam
499 1455 623 1510 hujus
654 1454 874 1498 Prioratfis.
941 1455 1108 1498 Deinde
1139 1455 1311 1511 singulae
1338 1455 1629 1498 commoniales

225 1545 298 1573 sua
330 1529 516 1573 ferebant
548 1530 744 1587 suffragia
776 1532 816 1573 in
852 1531 997 1573 eadem
1033 1531 1173 1583 verba,
1209 1531 1376 1573 mutatis
1405 1531 1628 1573 mutandis.

225 1605 283 1649 Et
304 1613 522 1662 postquam
539 1606 624 1661 jam
647 1606 811 1648 tandem
836 1606 1010 1662 singulae
1032 1607 1234 1661 adjuratae
1265 1607 1450 1659 fuissent,
1483 1613 1525 1650 et
1545 1607 1627 1649 suf-

225 1679 357 1736 fragia
377 1680 579 1732 tulissent,
603 1695 780 1736 cumque
802 1681 962 1724 collatis
992 1682 1098 1724 inter
1129 1697 1172 1724 se
1204 1681 1410 1737 suffragiis
1443 1697 1628 1739 comper-

226 1762 312 1798 tum
333 1762 455 1808 esset,
477 1757 590 1812 quod
621 1772 699 1799 non
732 1758 809 1799 nisi
841 1757 1030 1800 undecim
1061 1764 1176 1799 erant
1209 1757 1405 1800 moniales
1434 1763 1629 1814 expresse

227 1831 438 1887 professae,
454 1833 523 1886 jus
547 1832 731 1888 suffragii
749 1833 965 1885 habentes,
988 1841 1029 1877 et
1051 1834 1164 1890 quod
1180 1849 1232 1876 ex
1251 1835 1301 1876 iis
1316 1835 1355 1877 7.
1368 1834 1407 1876 in
1424 1834 1453 1876 J
1456 1850 1628 1877 cannam

228 1906 451 1947 Lancaster
480 1912 783 1956 consenserant,
820 1914 906 1949 tum
936 1907 1099 1950 demum
1119 1906 1227 1949 Eliz.
1250 1906 1437 1958 Walton,
1460 1913 1627 1949 eaetera-

227 1993 316 2020 rum
356 1979 565 2031 mandato,
601 1980 754 2022 dictam
793 1980 1050 2032 electionem,
1091 1981 1279 2023 invocato
1319 1981 1433 2036 prius
1469 1981 1628 2023 Christi

227 2053 407 2104 nomine,
430 2053 674 2109 publicabat
696 2054 735 2095 in
757 2053 864 2096 hanc
885 2053 1055 2096 formam
1075 2071 1143 2094 :—

286 2129 382 2184 Ego
406 2128 513 2171 Eliz.
537 2129 704 2172 Walton
738 2129 925 2172 monialis
955 2137 997 2171 et
1028 2145 1236 2182 consoror,
1259 2136 1334 2172 etc.
1360 2137 1557 2174 consensu
1587 2137 1628 2173 et

227 2202 421 2245 mandato
446 2203 713 2245 Praesidentis
733 2211 775 2245 et
796 2204 922 2246 totius
939 2204 1109 2260 capituli
1126 2204 1317 2257 (domina
1336 2204 1365 2246 J
1368 2208 1498 2246 canna
1520 2203 1627 2245 Lan-

227 2282 360 2319 caster
399 2280 592 2333 excepta)
643 2277 877 2332 religiosam
920 2272 1122 2321 foeminam
1174 2277 1381 2320 dominam
1422 2277 1628 2320 Joannam

229 2350 468 2402 Lancaster‚
490 2352 529 2392 in
551 2351 744 2392 honorem
768 2352 1057 2407 omnipotentis
1081 2351 1164 2393 Dei
1185 2358 1226 2394 et
1247 2351 1436 2407 gloriosae
1458 2351 1628 2406 virginis

229 2422 379 2466 Mariae
410 2431 452 2465 et
486 2425 530 2467 S.
569 2425 857 2480 Radegundis,
895 2426 933 2467 in
971 2435 1149 2468 nostram
1181 2431 1222 2467 et
1254 2432 1402 2468 nostrae
1443 2425 1628 2467 eeclesiae

229 2497 471 2540 Priorissam
494 2498 616 2554 eligo.

288 2570 413 2613 Hanc
453 2572 775 2627 publicationem
817 2580 978 2615 caeterae
1019 2589 1159 2616 omnes
1207 2574 1389 2628 (Joanna
1438 2575 1627 2630 excepta)

229 2645 535 2700 approbarunt3
565 2647 803 2703 dictamque
819 2648 1022 2690 Joannam
1046 2650 1286 2691 renitentem
1307 2647 1419 2699 licet,
1442 2649 1495 2691 ad
1517 2663 1631 2704 mag-

228 2733 325 2759 num
366 2718 493 2761 altare
530 2720 717 2763 ecclesiae
750 2736 834 2764 suae
870 2723 1164 2774 conventualis,
1211 2722 1265 2764 Te
1306 2721 1450 2764 Deum
1483 2721 1630 2765 devote

231 2799 437 2845 canentes,
461 2794 681 2848 duxerunt,
706 2798 826 2852 juxta
860 2813 1014 2840 morem
1051 2799 1232 2849 solitum,
1264 2812 1438 2853 eamque
1472 2797 1632 2840 ibidem

231 2876 454 2923 posuerunt
478 2870 531 2911 ad
558 2876 705 2913 terram
738 2887 874 2914 coram
906 2872 1023 2915 altari
1056 2879 1311 2930 prostratam.
1375 2872 1517 2915 Finito
1539 2888 1633 2914 can-

1407 2971 1431 2998 C
