1936 3224
571 222 775 251 coLLEGu
807 221 905 250 Jusu
936 217 1258 249 cAN‘rAsmGtAE.
1562 202 1617 244 27

213 334 340 378 modo
359 334 460 376 socii
482 332 675 390 primitus
700 331 892 382 instituti,
916 330 1141 372 secundum
1163 327 1404 370 sententiam
1436 331 1614 368 nostram

215 407 402 465 superius
417 406 558 457 latam,
580 411 825 457 statuantur,
845 418 1055 447 necessum
1078 409 1155 455 est,
1178 409 1224 444 ut
1260 401 1309 442 18
1340 413 1615 449 numeremus,

214 487 367 538 praeter
388 480 496 523 enim
526 478 621 521 illos
641 479 824 535 quinque
853 479 1001 528 socios,
1024 493 1048 519 a
1076 475 1318 519 fundatione
1347 474 1521 530 positos,
1542 488 1617 515 un—

216 554 353 598 decim
374 554 477 597 alios
497 560 642 610 postea
661 552 858 595 fundatos
878 551 1004 594 fuisse
1024 549 1299 606 probavimus.

273 628 343 672 Ex
362 627 612 684 supradictis
632 627 774 682 itaque
795 625 965 668 firmiter
986 623 1272 667 concludimus
1307 622 1357 664 17
1373 622 1507 665 socios
1526 621 1617 664 fun-

217 703 337 746 datos
355 700 497 752 fuisse,
521 700 634 756 quod
656 705 794 742 autem
812 698 939 742 hodie
959 713 1039 740 non
1060 697 1139 740 nisi
1166 697 1217 738 16
1236 696 1553 748 numeravimus,
1571 695 1617 738 id

217 780 372 819 statuto
419 789 495 831 per
528 774 758 816 visitatores
795 772 949 827 reginae
983 770 1245 814 Elizabethae
1285 771 1395 813 facto
1434 769 1617 812 tribuen-

217 850 319 893 dum
339 855 413 892 est.

275 921 405 972 Quod
425 921 480 964 ad
501 919 724 971 scholares,
745 934 914 961 numero
939 924 1055 961 erant
1075 925 1185 970 octo,
1214 917 1434 960 definiente
1454 917 1483 959 J
1486 917 1618 960 acobo

217 995 416 1052 episcopo
452 1010 544 1051 cap.
560 996 588 1036 3
608 1001 650 1037 et
670 994 711 1036 4.
771 994 922 1050 Capite
939 993 1067 1049 priori
1089 999 1265 1048 quatuor
1285 992 1497 1035 constituit
1516 1006 1618 1048 pue-

220 1084 286 1112 ros
306 1069 346 1111 in
369 1068 634 1125 grammatica
655 1075 696 1110 et
720 1067 939 1110 dialectica
970 1067 1203 1119 instructos,
1235 1081 1408 1122 quorum
1430 1081 1555 1108 unum
1577 1065 1618 1108 in

219 1143 484 1199 organistam,
506 1142 730 1185 seeundum
754 1142 795 1184 in
816 1142 1043 1193 sacristam,
1066 1140 1230 1184 tertium
1255 1140 1296 1183 in
1330 1139 1619 1191 bibliotistam,

221 1223 412 1272 quartum
433 1218 474 1258 in
491 1216 710 1271 janitorem
732 1215 932 1271 designat.

277 1289 432 1346 Capite
453 1290 657 1346 sequenti,
678 1296 857 1345 quatuor
886 1289 989 1332 alios
1020 1303 1169 1345 pueros
1198 1288 1418 1331 instructos
1448 1288 1489 1330 in
1521 1287 1619 1330 cho-

221 1363 339 1406 ristas
372 1363 551 1406 ordinat.
611 1364 742 1406 Hunc
774 1378 987 1406 numerum
1013 1362 1266 1405 octonarium
1296 1361 1508 1404 confirmat
1538 1360 1620 1404 Ni-

221 1436 390 1480 cholaus
429 1442 523 1480 stat.
564 1452 656 1493 cap.
687 1437 731 1488 9,
774 1437 925 1492 quibus
961 1435 1152 1479 Andreas
1192 1435 1312 1487 duos,
1348 1442 1394 1478 ut
1422 1435 1619 1488 diximus,

221 1510 461 1568 Roystonus
515 1518 652 1555 custos
695 1518 788 1554 ante
837 1518 1021 1568 tempora
1073 1510 1335 1554 Elizabethae
1371 1512 1397 1554 7
1439 1511 1617 1555 addidit.

222 1585 347 1629 Adeo
376 1586 623 1629 scholarium
654 1592 696 1629 et
717 1586 920 1629 sociorum
954 1601 1147 1628 numerus
1176 1592 1264 1629 erat
1292 1591 1390 1628 tunc
1422 1585 1621 1641 temporis

222 1660 344 1717 plane
385 1662 571 1717 aequalis,
608 1676 747 1704 verum
787 1661 1014 1717 praedictos
1051 1661 1161 1705 Eliz.
1190 1661 1435 1712 visitatores,
1474 1660 1620 1703 eodem

222 1738 376 1776 statuto
398 1750 523 1791 supra
552 1735 694 1786 citato,
727 1734 1023 1791 discipulorum
1054 1749 1282 1787 numerum,
1312 1736 1367 1777 ad
1399 1734 1448 1776 15
1470 1734 1620 1776 redux-

223 1814 354 1851 erunt.
407 1808 575 1858 Quibus
601 1815 737 1851 autem
759 1809 963 1851 accedunt
982 1814 1064 1851 tres
1085 1815 1228 1866 postea
1246 1809 1423 1860 fundati,
1446 1823 1620 1864 quorum

224 1898 349 1926 unum
386 1885 583 1940 magistro
615 1884 836 1937 Marshall,
866 1885 973 1928 duos
993 1885 1171 1928 dominae
1201 1885 1375 1927 Joannae
1398 1883 1519 1927 Price
1550 1884 1621 1926 tri-

223 1958 402 2003 buimus.

282 2033 406 2075 Adeo
432 2041 477 2076 ut
497 2033 624 2076 hodie
645 2033 865 2089 collegium
887 2033 913 2075 J
919 2048 1005 2085 esu,
1026 2034 1266 2089 magistrum
1286 2033 1372 2075 sive
1392 2032 1621 2084 custodem,

224 2113 267 2150 et
290 2110 342 2151 16
364 2108 511 2159 socios,
534 2115 576 2151 et
596 2109 651 2150 28
673 2108 895 2160 scholares,
918 2124 942 2150 a
961 2107 1201 2150 fundatione
1221 2107 1314 2151 alat.

284 2181 469 2232 Quidam
489 2182 671 2225 Joannes
702 2183 824 2226 Sikes
852 2183 976 2238 hujus
1005 2182 1170 2238 collegii
1201 2197 1264 2225 an.
1289 2182 1397 2223 1578
1419 2181 1622 2232 alumnus,

227 2255 368 2307 A.M.,
377 2260 509 2297 rector
520 2260 666 2311 postea
681 2255 734 2297 de
747 2255 896 2298 Kirton
908 2255 951 2298 in
963 2270 1063 2311 agro
1070 2254 1430 2310 Notinghamensi,
1444 2269 1623 2297 annuum

227 2330 404 2373 reditum
425 2331 533 2381 40211,
559 2345 583 2372 e
604 2331 720 2373 terris
747 2330 831 2372 suis
863 2331 983 2385 juxta
1017 2329 1254 2372 Wakefield
1283 2329 1325 2372 in
1347 2329 1466 2371 Com.
1491 2328 1621 2371 Ebor.

227 2412 461 2457 exeuntem,
503 2406 557 2448 ad
595 2421 718 2448 unum
755 2406 982 2448 scholarem
1021 2404 1347 2455 sustentandum,
1401 2419 1481 2445 una
1530 2418 1623 2445 cum

228 2478 484 2522 bibliotheca
512 2484 583 2522 sua
615 2479 778 2535 legavit.
839 2479 995 2521 Verum
1034 2478 1146 2520 dicta
1187 2479 1383 2534 pensione
1416 2491 1624 2533 nunquam

227 2549 428 2593 hactenus
457 2551 634 2607 collegio
663 2554 887 2602 numerata,
920 2552 1010 2606 ejus
1041 2550 1304 2593 donationem
1326 2550 1433 2592 inter
1463 2547 1623 2592 schola-

227 2625 334 2668 rium
353 2625 613 2669 fundationes
633 2641 714 2668 non
732 2625 958 2668 retulimus.

285 2699 389 2742 Post
406 2699 608 2742 sociorum
637 2707 679 2742 et
708 2698 953 2742 scholarium
987 2697 1264 2749 fundationes,
1292 2697 1395 2739 libet
1421 2696 1625 2739 ascribere

233 2779 277 2815 et
296 2773 424 2825 illam,
445 2788 567 2830 quam
585 2775 661 2817 sub
679 2774 867 2817 Henrico
887 2775 960 2824 8'⁰‚
982 2773 1011 2815 J
1013 2788 1163 2816 oannes
1179 2773 1454 2815 Batemanson
1472 2770 1623 2815 LL.D.

236 2848 377 2904 posuit
406 2848 460 2891 de
496 2863 576 2891 uno
605 2847 845 2904 praelectore
875 2845 1109 2903 theologico
1141 2847 1182 2889 in
1212 2846 1388 2902 collegio
1416 2844 1623 2889 habendo.
