1936 3224
580 220 785 250 commu
815 218 916 247 JESU
945 217 1274 246 cANTAssmfflAE.
1581 200 1629 242 11

292 332 489 389 Nigellus
503 331 739 387 Episcopus
755 329 818 370 2¹³⁸
833 328 969 372 Elien.
989 326 1190 382 quasdam
1210 331 1338 367 terras
1359 323 1522 367 cellulae
1544 339 1630 367 mo-

235 407 404 451 nialium
443 405 684 461 continguas
723 405 763 446 in
804 418 942 446 earum
984 401 1280 458 possessionem
1316 400 1488 443 transire
1522 399 1630 442 fecit.

237 481 509 527 Theobnldus
550 479 904 536 Archiepiscopus
942 478 1063 521 Cant.
1095 478 1187 519 37⁸⁵
1253 474 1470 518 Maleolmi
1505 473 1633 517 dona-

237 557 387 600 tiouem
427 558 538 599 carta
573 554 650 597 su&
688 553 874 596 firmavit.
964 551 1120 594 Lucius
1151 552 1237 592 3³³¹¹⁸
1270 548 1464 593 Pontifex
1510 550 1631 591 Rom.

234 629 408 673 eandem
449 643 573 685 quoq.
610 627 723 671 bulla
759 629 830 670 sua
869 625 1115 682 (apostolica
1145 639 1313 680 quoque
1346 623 1634 666 benedictione

234 703 462 760 impertita)
481 704 665 744 munivit.

293 778 486 833 Cumque
516 776 558 819 in
595 775 793 817 honorem
828 773 934 816 Rad.
966 773 1121 815 Galliae
1154 773 1323 828 reginae,
1355 777 1400 813 ut
1430 770 1633 820 diximus,

237 850 419 893 dicatum
431 849 510 892 fuit
520 849 601 891 hoc
609 847 925 898 Monasterium,
947 861 971 888 e
984 845 1123 888 Gallis
1142 860 1310 900 quoque
1325 845 1388 887 sui
1403 843 1633 886 cultoribus

236 924 420 967 nonnulli
469 921 765 965 adnumerandi
805 922 878 977 qui
917 919 971 962 ad
1021 919 1186 975 gentilis
1233 918 1431 961 sanctulae
1482 917 1631 959 famam

238 999 467 1055 augendam
490 1013 563 1040 sua
583 1011 748 1052 quoque
769 993 956 1050 symbola
976 993 1242 1036 addiderunt.

297 1072 410 1115 Inter
426 1086 532 1127 quos
547 1070 681 1127 primo
701 1066 973 1111 nominandus
987 1066 1098 1109 venit
1115 1065 1145 1108 J
1147 1082 1238 1108 oan.
1255 1066 1315 1108 Le
1332 1066 1480 1108 Moine
1492 1065 1636 1116 Miles,

240 1146 312 1202 qui
342 1147 397 1188 50
417 1160 531 1187 acras
560 1149 679 1186 terrae
710 1143 751 1185 in
782 1141 940 1197 campis
971 1140 1025 1182 de
1057 1139 1251 1182 Shelford
1285 1138 1404 1195 Mag.
1433 1141 1635 1194 jacentes,

240 1225 363 1277 (quas
410 1234 462 1261 ex
501 1217 722 1261 donatione
762 1217 876 1259 Heu.
931 1215 993 1257 3tii
1042 1214 1209 1268 habuit)
1257 1213 1637 1256 sanctimonialibus

239 1294 404 1350 legavit.
466 1292 584 1335 Illius
615 1291 877 1334 donationem
908 1289 1006 1331 Nic.
1038 1288 1221 1330 Joannes
1251 1293 1292 1330 et
1323 1287 1423 1329 Nic.
1463 1286 1637 1329 Joannis

239 1369 314 1413 filii
335 1368 575 1412 confirmant
593 1373 837 1423 augentque.

299 1443 446 1500 Steph.
469 1443 523 1485 de
544 1441 787 1486 Escallariis
808 1439 960 1483 Gallus
975 1440 1105 1494 (circa
1121 1440 1235 1482 Hen.
1258 1440 1308 1481 3ti
1321 1444 1499 1489 aetatem,
1518 1438 1639 1492 juxta

245 1519 408 1562 camon
430 1518 472 1560 in
495 1532 598 1559 com.
623 1515 821 1559 Cantabr.
843 1513 982 1570 magni
1010 1514 1187 1556 nominis
1207 1514 1270 1555 vir
1289 1513 1490 1556 referente
1512 1514 1638 1556 Cam·

244 1592 352 1635 deno
383 1593 424 1635 in
455 1606 559 1634 com.
583 1591 728 1642 Cant.)
759 1604 853 1631 cum
887 1601 1084 1631 consensu
1121 1587 1239 1630 Guil.
1268 1587 1341 1630 filii
1372 1589 1435 1631 sui
1466 1587 1638 1631 Rhada-

243 1666 394 1722 gundis
433 1665 557 1716 bona,
598 1670 693 1707 terr.
724 1669 766 1706 et
799 1670 880 1706 ten.
913 1663 1146 1718 adjectione
1187 1663 1227 1705 in
1269 1662 1365 1706 villa
1410 1662 1463 1705 de
1499 1662 1639 1705 West-

244 1739 438 1796 Wrating
452 1738 677 1794 ampliavit.
718 1738 768 1780 In
783 1737 929 1780 eadem
945 1751 1110 1793 quoque
1121 1736 1232 1789 villa,
1244 1737 1389 1792 Agnes
1402 1736 1456 1778 de
1473 1736 1640 1780 Not-tho

244 1814 440 1871 Ingleisa,
461 1828 566 1855 uxor
587 1812 765 1856 Simonis
786 1812 839 1854 de
855 1812 1000 1864 Bonis,
1024 1811 1126 1854 alias
1148 1820 1264 1854 terrae
1285 1826 1401 1853 acras
1421 1810 1608 1853 contulit.

770 1921 905 1965 Dedit
933 1922 1111 1978 insuper,

303 2020 488 2065 Maltild.
531 2020 651 2063 Uxor
683 2018 858 2061 Roberti
890 2017 1083 2060 Bestume
1126 2016 1275 2058 fundos
1315 2016 1357 2058 in
1397 2016 1554 2072 campis
1589 2015 1643 2058 de

247 2096 475 2150 Abington.

302 2167 538 2224 Petronella
558 2167 611 2210 de
633 2166 801 2218 Comes,
823 2166 926 2208 alios
946 2166 986 2208 in
1008 2166 1166 2222 campis
1187 2166 1238 2207 de
1261 2164 1428 2207 Barton.

304 2243 444 2287 Adam
476 2240 727 2297 Capellanus
748 2239 802 2281 de
834 2239 1080 2294 Litlington,
1111 2238 1260 2281 fundos
1287 2253 1382 2280 suos
1402 2238 1442 2280 in
1466 2238 1644 2294 Litling-

246 2326 331 2362 ton.

304 2392 423 2436 Guil.
444 2391 645 2434 Bateman
667 2397 708 2432 et
729 2388 847 2431 Guil.
875 2389 1045 2444 Suetye,
1075 2394 1304 2430 tenementa
1330 2395 1371 2430 et
1395 2387 1584 2430 redditus
1605 2387 1645 2429 in

247 2465 455 2523 parochiis
478 2465 547 2507 Stae
569 2461 787 2506 Trinitatis
806 2466 848 2502 et
870 2461 938 2503 Stae
959 2460 1122 2502 Mariae.

304 2539 426 2582 Joan.
451 2536 654 2580 Marshall
675 2541 717 2578 et
736 2535 765 2577 J
769 2550 807 2577 o.
838 2534 1033 2577 Porthois
1054 2534 1278 2590 burgenses
1299 2535 1496 2578 Cantabr.
1519 2541 1647 2578 terras

248 2619 290 2655 et
307 2627 460 2668 pascua
478 2612 520 2654 in
542 2609 697 2666 campis
718 2608 915 2650 cantabr.
938 2613 980 2650 et
999 2607 1216 2650 Barnwell.

307 2685 501 2741 Singulas
536 2684 777 2726 donationes
810 2681 1031 2738 praedictas
1066 2682 1186 2726 Edw.
1221 2683 1303 2725 2⁶³⁸
1332 2697 1404 2725 rex
1432 2685 1542 2726 carta
1575 2698 1647 2725 sua

248 2759 495 2802 monialibus
515 2758 780 2800 confirmavit.

305 2834 375 2876 Jo.
407 2833 461 2875 de
490 2832 770 2889 Trippelowe‚
801 2839 934 2875 rector
964 2833 1016 2875 de
1043 2832 1298 2876 Hardwicke
1319 2833 1359 2875 in
1381 2833 1500 2875 Com.
1525 2832 1646 2874 Cant.

251 2914 293 2950 et
329 2908 381 2949 de
419 2909 668 2963 Reymerson
699 2907 738 2949 in
776 2907 894 2949 Com.
920 2905 1058 2958 Norf.‚
1088 2906 1261 2949 contulit
1289 2906 1315 2947 8
1347 2906 1576 2960 messuagia
1606 2904 1647 2946 in
