1936 3224
597 230 798 260 commu
830 229 928 258 Jasu
959 229 1285 257 CANTABmGrAE.
1615 215 1641 255 9

244 343 394 399 Neque
414 343 520 385 enim
546 341 650 384 ratio
665 339 805 395 aliqua
820 339 989 380 subesse
1003 339 1148 394 possit,
1173 353 1245 381 cur
1266 338 1462 381 sanctulae
1484 339 1640 381 honore

242 418 349 461 inter
369 416 648 460 Romanenses
679 413 970 463 fraudaretur3
1008 412 1204 455 miracula
1237 412 1346 454 enim
1372 413 1472 455 dum
1503 412 1641 455 adhuc

244 497 332 534 erat
352 505 525 547 persona
538 489 660 540 laica,
682 487 800 545 plura
815 503 910 530 vero
932 493 1153 544 postquam
1170 493 1257 529 erat
1277 487 1460 542 professa
1478 485 1613 528 edidit
1631 502 1642 537 3

244 565 399 620 majora
429 573 565 607 autem
594 569 812 620 postquam
839 563 944 606 inter
974 562 1108 605 Divos
1139 561 1265 604 relata
1287 561 1379 612 fuit,
1407 563 1526 616 juxta
1555 561 1644 615 ejus

243 639 370 683 altare
398 639 483 682 visa
504 645 609 681 sunt.
632 652 669 680 v,
693 636 882 680 Vincent.
912 637 1030 679 Belv.
1062 637 1175 679 Hist.
1213 637 1334 692 Spec.
1359 636 1385 679 l.
1410 636 1481 686 21,
1505 652 1543 679 c.
1567 637 1640 688 80,

245 715 317 766 90,
339 715 409 756 91.
460 712 586 769 Lipp.
610 712 773 764 Grass.‚
795 714 872 754 &c.

303 788 362 831 Et
400 803 496 830 sane
536 793 756 843 postquam
807 786 914 829 inter
962 793 1122 829 sanctos
1170 785 1462 828 numerabatur
1503 785 1646 841 regina

246 863 375 916 Rad„
397 878 549 919 equum
571 869 658 905 erat
688 869 733 905 ut
753 863 842 917 ejus
865 863 905 905 in
930 862 1125 905 honorem
1148 862 1285 904 devoti
1316 861 1446 916 magis
1467 862 1646 902 cultores

245 936 465 979 fundarent
493 935 661 991 templa,
693 936 746 978 ad
778 935 888 978 illius
908 935 1036 978 altare
1058 950 1200 991 preces
1222 935 1455 986 funderent,
1478 941 1520 976 et
1550 941 1645 976 vota

248 1011 438 1053 facerent.
463 1010 558 1052 Nec
579 1010 619 1052 in
637 1009 779 1052 Gallia
799 1009 938 1060 modo,
962 1024 1099 1051 verum
1120 1009 1243 1052 etiam
1269 1009 1309 1051 in
1329 1009 1486 1064 Anglia
1507 1010 1645 1052 statim

248 1091 343 1141 post
363 1090 647 1140 conquestum,
668 1083 896 1126 cultoribus
919 1083 1132 1138 gloriatur.

310 1159 356 1202 ln
398 1174 501 1201 com.
536 1158 740 1201 Cantiano
770 1156 884 1213 apud
909 1156 1112 1199 Bradsole
1140 1172 1291 1213 pagum
1319 1158 1441 1212 juxta
1465 1156 1646 1200 Dubrim

250 1233 372 1276 situm
393 1232 680 1275 monasterium
704 1232 747 1275 S.
770 1229 1056 1286 Rhadegundi
1081 1231 1265 1273 dicatum
1286 1230 1486 1286 legimus3
1509 1245 1648 1273 coeno-

251 1307 364 1350 bium
385 1322 480 1349 sane
499 1312 613 1350 tanta
634 1305 870 1348 Patronissa
893 1304 1079 1360 dignum,
1106 1305 1265 1361 quippe
1286 1306 1403 1359 cujus
1424 1305 1554 1347 abbas
1574 1320 1649 1361 per

250 1381 384 1424 Breve
416 1381 523 1436 Reg.
555 1380 610 1422 ad
639 1379 751 1423 Parl.
792 1385 974 1430 vocatus,
1020 1379 1097 1421 sub
1128 1378 1249 1421 Edw.
1286 1381 1357 1421 1Ῐῐιο
1387 1379 1493 1421 inter
1533 1379 1648 1434 regni

251 1471 442 1513 proceres
473 1459 610 1499 locum
631 1455 797 1498 sortitus
824 1460 898 1497 est.
959 1453 1112 1496 Libera
1134 1453 1294 1510 capella
1313 1455 1403 1508 ejus
1421 1468 1587 1509 quoque
1607 1453 1648 1495 in

251 1530 447 1574 honorem
478 1531 518 1573 in
561 1530 717 1586 cryptis
758 1528 961 1571 Ecclesiae
1000 1528 1083 1571 lata
1141 1529 1184 1571 S.
1217 1528 1339 1571 Pauli
1379 1528 1514 1571 Lond.
1554 1528 1648 1582 (sub

250 1604 539 1659 jurisdictione
559 1603 723 1646 Decani
744 1610 786 1646 et
809 1603 1017 1660 Capituli)
1038 1610 1126 1646 erat
1148 1602 1318 1655 dictata,
1339 1604 1457 1658 cujus
1478 1603 1650 1660 capellae

253 1681 429 1736 reliquia
440 1680 678 1735 somniaque
692 1679 810 1722 istius
821 1679 1024 1722 Ecclesiae
1044 1679 1127 1722 lata
1143 1686 1403 1721 monumenta
1420 1679 1652 1735 antiquiora

255 1754 409 1797 clariss.
452 1754 694 1810 Dugdalius
734 1769 756 1796 e
787 1754 960 1796 flammis
998 1762 1039 1797 et
1078 1754 1252 1796 fatorum
1291 1753 1498 1805 faucibus,
1540 1754 1652 1796 felici

257 1830 424 1887 quidem
441 1845 579 1882 manu,
596 1830 732 1872 animo
748 1845 843 1872 vero
858 1829 1078 1873 infeliciter
1097 1845 1300 1885 praesago,
1314 1829 1480 1885 eripuit,
1496 1844 1539 1885 p.
1553 1831 1650 1873 226.

315 1904 507 1960 Cumque
527 1904 619 1946 haec
642 1903 810 1960 insuper
840 1903 1025 1946 nobiliss.
1048 1903 1190 1958 regina
1220 1902 1332 1947 Rad.
1357 1902 1456 1943 dum
1478 1903 1519 1944 in
1551 1901 1653 1943 vivis

255 1978 335 2020 fuit
355 1978 394 2020 in
417 1985 648 2020 sanctorum
666 1977 850 2032 reliquiis
868 1978 1012 2032 (quam
1031 1976 1165 2019 cultus
1182 1976 1345 2018 dicente
1361 1976 1539 2018 Baronio
1555 1981 1653 2018 tunc

258 2052 454 2108 temporis
466 2052 506 2094 in
519 2051 661 2096 Gallia
672 2051 811 2107 vigere
827 2050 992 2107 coepit),
1003 2050 1065 2092 vel
1081 2051 1133 2093 ab
1147 2050 1292 2092 ultimo
1304 2050 1459 2092 oriente
1471 2050 1654 2105 undique

259 2127 544 2183 congerendis,
565 2141 732 2182 operam
755 2131 1051 2181 sumptumque
1072 2124 1363 2180 impendisset3
1384 2139 1464 2166 non
1486 2123 1654 2166 defuere

260 2203 366 2245 inter
387 2202 496 2244 Rad.
518 2202 697 2244 cultores
716 2201 917 2250 nonnulli,
934 2201 1005 2255 qui
1022 2200 1153 2256 ipsius
1170 2215 1335 2255 quoque
1350 2201 1544 2256 reliquias
1564 2201 1654 2257 pari

259 2277 519 2319 veneratione
541 2283 837 2332 prosequentes
856 2284 898 2318 et
915 2268 1098 2331 undique
1115 2275 1381 2331 conquisitas,
1397 2276 1503 2318 inter
1514 2290 1656 2317 recon-

260 2350 411 2393 ditiora
442 2366 514 2392 sua
551 2350 712 2392 cimelia
740 2355 994 2406 reponerent.
1057 2349 1184 2393 Unde
1205 2349 1357 2391 factum
1378 2355 1454 2400 est,
1479 2348 1592 2403 quod
1615 2348 1655 2390 in

261 2424 517 2467 Monasterio
538 2424 728 2467 Glaston.
761 2424 926 2466 unicum
961 2424 1086 2478 hujus
1121 2424 1275 2478 reginae
1301 2438 1362 2474 os,
1383 2423 1488 2465 inter
1521 2437 1656 2464 sacro-

262 2514 349 2541 rum
371 2500 615 2554 farraginem
637 2499 828 2542 monachi
849 2505 1112 2543 ostentarent.
1136 2498 1252 2542 Mon.
1277 2498 1404 2552 Angl.
1426 2513 1465 2554 p.
1489 2500 1530 2540 6.

321 2573 432 2615 Inter
466 2589 606 2615 omnes
641 2589 737 2616 vero
777 2575 840 2616 sui
876 2573 1068 2625 cultores,
1110 2575 1313 2616 neminem
1348 2571 1575 2614 Malcolmo
1615 2573 1656 2613 4.

263 2647 458 2701 majorem
479 2647 588 2689 Rad.
612 2653 812 2698 numerat,
832 2648 904 2702 qui
920 2647 1156 2689 coenobium
1176 2647 1254 2688 hoc
1278 2647 1416 2700 (cujus
1447 2645 1657 2688 historiam

264 2721 529 2775 adornamus)
563 2730 604 2762 et
630 2721 818 2762 fundavit
845 2719 1030 2776 quidem,
1063 2727 1104 2763 et
1127 2727 1324 2762 terrarum
1353 2719 1659 2762 dominicalium

264 2794 482 2850 largitione
512 2794 684 2836 dotavit.
743 2794 873 2844 Quod
899 2801 1035 2837 autem
1065 2794 1197 2837 Malc.
1225 2793 1337 2836 Rad.
1364 2793 1443 2836 sibi
1473 2794 1514 2836 in
1545 2809 1657 2835 sanc-

266 2868 390 2910 tulam
412 2883 542 2918 suam,
564 2875 607 2910 et
627 2868 831 2924 prioratus
854 2870 917 2911 sui
945 2868 1081 2911 Deam
1106 2869 1320 2910 tutelarem
1348 2866 1534 2922 elegerit,
1556 2865 1660 2908 illud
