1936 3224
553 222 754 251 COLLEGII
784 220 880 249 JESU
913 217 1237 248 CANTABRIGIAE.
1540 204 1594 244 29

199 339 241 376 et
274 333 459 391 pupillus
493 332 678 388 magistri
710 329 972 373 Laudesdale
1002 329 1119 381 socii,
1150 327 1388 386 pensionem
1419 341 1594 370 annuam

199 407 256 449 20
280 405 372 458 lib„
389 421 412 447 e
433 404 602 448 rectoria
622 403 676 445 de
688 401 1021 458 Aldenborough
1041 402 1082 445 in
1102 402 1221 445 Com.
1244 399 1595 455 Notinghamensi

199 479 475 537 pendendam,
497 477 665 534 legavit.

257 554 440 597 Thomas
452 553 601 596 Sutton
616 552 807 607 armiger,
828 551 1021 594 fundator
1038 550 1185 593 domus
1205 547 1423 604 hospitalis
1439 553 1595 590 vocatae

201 626 262 669 Le
313 626 676 678 Charter-House,
711 626 863 677 Lond.‚
916 625 1130 668 rectoriam
1180 622 1490 680 impropriatam
1541 622 1595 665 de

199 699 440 743 Elmestead
460 701 580 755 juxta
610 699 881 743 Colcestriam
901 699 1075 754 collegio
1106 699 1216 740 dono
1245 697 1378 749 dedit,
1401 712 1480 739 una
1501 711 1594 739 cum

198 783 399 834 perpetua
421 777 689 819 advocatione
710 776 886 818 vicariae.

256 853 584 895 Advocationem
615 858 859 908 perpetuam
890 850 1074 893 ecclesiae
1105 847 1355 906 parochialis
1384 847 1438 890 de
1465 845 1597 890 Harl-

199 934 267 970 ton
309 928 349 970 in
387 927 508 971 Com.
551 927 747 970 Cantabr.
789 941 840 968 ex
876 925 985 967 dono
1023 925 1194 967 Joannis
1230 922 1400 979 Duport
1437 920 1593 966 S.T.P.

199 1003 364 1058 collegii
386 1002 569 1045 custodis
590 1002 860 1059 possidemus.

255 1078 350 1121 Nec
375 1076 628 1120 reticendum
675 1083 752 1128 est,
786 1076 899 1132 quod
931 1091 1022 1117 cum
1056 1089 1128 1116 rex
1163 1072 1373 1116 Henricus
1406 1073 1499 1114 7¹¹¹u⁵
1525 1071 1595 1126 jus

199 1152 400 1195 fundandi
431 1152 525 1194 coll.
560 1151 680 1202 Jesu‚
714 1156 758 1192 ut
793 1149 988 1200 diximus,
1019 1146 1281 1198 concesserit,
1317 1145 1386 1189 alii
1427 1146 1596 1202 insuper

199 1241 317 1282 reges
356 1233 398 1269 et
436 1225 623 1280 ejusdem
653 1239 908 1267 successores
945 1222 1154 1265 licentiam
1192 1219 1371 1276 augendi
1407 1219 1594 1274 ejusdem

199 1300 365 1356 collegii
396 1299 686 1356 patrimonium
714 1298 973 1347 indulserint,
994 1311 1068 1353 per
1098 1296 1236 1338 literas
1267 1310 1359 1337 suas
1390 1299 1593 1350 patentes,

199 1389 293 1431 quae
314 1375 392 1418 sub
413 1374 550 1430 sigillo
571 1389 719 1430 magno
739 1373 869 1415 libere
884 1381 926 1415 et
946 1373 1033 1414 sine
1053 1370 1178 1414 feudo
1199 1377 1448 1413 emanarunt.

257 1450 480 1494 Edvardus
511 1451 537 1492 6
569 1449 702 1501 dedit,
731 1464 806 1506 per
835 1449 974 1490 literas
1008 1453 1209 1503 patentes,
1240 1451 1487 1502 potestatem
1519 1458 1593 1500 po-

200 1524 324 1567 nendi
355 1531 483 1566 terras
514 1524 555 1566 in
585 1538 748 1565 manum
778 1527 995 1574 mortuam,
1025 1522 1065 1563 in
1097 1535 1213 1562 usum
1244 1518 1425 1574 collegii,
1448 1518 1502 1561 ad
1524 1533 1594 1560 an-

199 1614 326 1641 nuum
379 1598 557 1641 valorem
597 1599 708 1648 5015b.
789 1597 954 1641 Similes
994 1597 1134 1639 literas
1172 1592 1492 1636 amortizationis
1538 1591 1593 1634 ad

200 1673 378 1716 valorem
396 1689 575 1715 annuum
597 1673 728 1716 20051’·
750 1672 779 1714 J
783 1672 937 1714 acobus
957 1686 1028 1713 rex
1050 1669 1259 1713 concessit.

258 1747 422 1803 Regina
446 1748 549 1790 Eliz.
572 1762 636 1789 an.
658 1748 727 1789 3³³⁰
746 1747 786 1788 in
808 1752 960 1788 statuto
980 1759 1054 1801 per
1073 1744 1303 1786 visitatores
1322 1742 1412 1796 ejus
1432 1742 1530 1794 lato,
1553 1747 1596 1784 et

200 1827 389 1884 superius
419 1826 561 1878 citato,
584 1840 717 1868 annua
743 1823 948 1881 stipendia
969 1824 1171 1866 sociorum
1201 1827 1243 1864 et
1263 1836 1413 1864 mensae
1436 1822 1594 1878 impen-

200 1918 265 1944 sas
286 1901 416 1952 auxit,
433 1900 635 1942 sociorum
656 1907 698 1943 et
718 1897 1015 1954 discipulorum
1035 1911 1248 1938 numerum
1264 1895 1480 1945 contraxit,
1502 1894 1595 1937 illos

199 1990 348 2031 nempe
368 1974 434 2026 16,
465 1974 541 2016 hos
575 1973 626 2014 15
656 1971 879 2015 constituit.
942 1970 1057 2013 Loco
1087 1969 1205 2011 unius
1235 1968 1458 2024 theologici
1481 1967 1594 2011 Prae-

199 2049 365 2092 lectoris
395 2054 436 2091 et
464 2047 687 2103 theologiae
715 2045 1016 2089 Praedicatores
1046 2043 1274 2100 privilegiis
1300 2048 1464 2085 ornatos
1499 2043 1595 2085 sub-

200 2125 345 2168 stituit.
420 2123 616 2179 Denique
637 2123 756 2165 divus
777 2122 953 2166 Carolus
989 2119 1280 2163 relaxationem
1311 2118 1451 2161 statuti
1473 2118 1594 2169 sexti,

201 2203 255 2243 de
289 2217 458 2246 numero
493 2203 695 2246 sociorum
743 2217 794 2244 ex
835 2216 915 2244 uno
955 2200 1150 2243 comitam
1190 2198 1490 2255 eligendorum,
1534 2198 1596 2240 in-

202 2277 344 2321 dulsit.

252 2351 307 2394 ‘In
329 2352 517 2394 aerarium
540 2350 706 2407 collegii
727 2365 800 2393 sua
821 2349 1006 2407 symbola
1034 2347 1296 2403 conjecerim,

288 2446 475 2488 Stephanus
493 2445 583 2484 Hall,
601 2445 716 2476 S.T.P.
731 2444 926 2486 collegiique
941 2443 1134 2486 praesidens,
1150 2441 1241 2473 301ib.

287 2507 374 2539 Guil.
393 2508 517 2549 Davye,
535 2506 628 2538 AM.
646 2505 764 2543 socius,
781 2504 873 2536 3011'b·

287 2566 375 2598 Guil.
392 2567 499 2608 Petty‚
516 2566 628 2598 S.T.B.
653 2565 764 2597 20011b.
790 2564 924 2607 legavit,
938 2564 1144 2606 quas‘autem
1169 2562 1316 2605 perfidus
1340 2568 1496 2592 executor
1512 2571 1596 2593 nun-

331 2636 427 2668 quam
444 2626 638 2658 numeravit.

259 2710 565 2754 Bibliothecam
606 2712 718 2754 tenui
758 2710 1016 2768 supellectile
1052 2716 1146 2752 ante
1187 2722 1336 2750 annum
1387 2707 1497 2750 1600
1537 2707 1597 2749 in-

203 2791 414 2837 structam,
435 2785 737 2828 benefactorum
758 2785 984 2828 liberalitas
999 2785 1128 2836 auxit,
1151 2784 1256 2826 inter
1272 2797 1375 2838 quos
1391 2782 1433 2825 in
1454 2782 1598 2839 primis

202 2861 443 2904 numerandi
458 2867 551 2905 sunt
568 2876 636 2903 :—
