1936 3224
609 228 811 257 commu
842 229 940 258 Jssu
971 228 1296 258 CANTABRIGIAE.
1600 219 1647 260 19

252 337 365 392 quod
399 352 567 380 numero
600 345 716 380 erant
756 338 961 391 undecim,
994 354 1084 395 quae
1118 355 1311 396 expresse
1343 341 1549 397 professae,
1577 342 1645 395 jus

251 410 434 465 suffragii
456 412 496 453 in
518 412 710 455 coenobio
730 412 955 465 habebant,
979 428 1151 468 quarum
1172 415 1336 458 nomina
1356 422 1608 471 sequuntur:

274 504 301 534 1.
328 503 466 535 Matilda
478 504 719 546 Sudbury‚quae
730 510 763 535 et
771 504 928 546 Supprio-
985 504 1014 538 7.
1039 505 1224 538 Katherina
1240 507 1434 549 Seyntelow,
1456 507 1624 539 celeraria.

354 564 437 597 tissa
451 572 484 596 et
502 564 685 596 Praesidens
699 564 826 596 dicitur.
983 566 1012 595 8.
1038 565 1220 607 Margarita
1236 566 1396 598 Mesham.

270 626 302 657 2.
325 626 438 669 Agnes
454 626 596 667 Daneys.
984 627 1012 657 9.
1037 625 1144 658 Elena
1159 627 1396 667 Craneswiehe.

268 691 299 719 3.
324 689 442 720 Emma
456 690 598 722 Denton.
964 688 1011 718 10.
1037 687 1154 719 Emma
1171 689 1274 720 Hore.

267 748 302 779 4-
321 747 451 780 Joanna
468 750 655 789 Lancaster,
669 752 819 784 Sacrista.
964 752 1013 782 11.
1036 750 1165 781 Joanna
1195 749 1282 787 Kaii‚
1324 750 1401 781 alibi
1435 750 1649 782 Thesaurissa

268 808 298 838 5.
322 808 430 840 Alicia
449 810 626 842 Granfield.
1066 811 1163 841 dicta.

267 869 298 899 6.
323 869 407 901 Eliz.
420 870 563 909 Walton‚
579 872 773 903 succentrix.

361 959 461 1003 Duo
482 961 648 1018 insuper
668 969 886 1004 occurrunt
905 962 1067 1004 nomina
1085 978 1093 1003 :

417 1037 531 1079 Agnes
546 1037 688 1079 Seoffyn,
705 1038 940 1080 Suppriorissa,

419 1099 531 1140 Agnes
548 1099 717 1137 Banester‚
733 1099 955 1130 Thesaurissa.
1091 1040 1113 1119 }
1149 1073 1189 1103 38
1216 1072 1303 1103 Hen-
1320 1072 1347 1102 6·

302 1215 454 1272 Neque
484 1215 597 1259 aliud
628 1232 773 1259 nomen
805 1217 992 1259 monialis
1021 1216 1196 1273 invenio,
1219 1221 1369 1272 praeter
1396 1215 1514 1258 unius
1536 1215 1637 1258 Ber-

243 1289 340 1342 thae,
380 1291 421 1333 in
461 1289 650 1333 Ecclesia
689 1291 945 1333 conventuali
990 1290 1177 1347 sepultae,
1218 1289 1336 1343 cujus
1381 1289 1637 1346 epitaphium

243 1363 433 1408 Fullerus
451 1370 663 1416 memorat,
684 1380 725 1421 p.
747 1366 828 1406 83:

415 1443 434 1457 ‘⁴
455 1441 605 1472 Moribus
628 1447 742 1472 ornata
752 1441 841 1481 jacet
855 1440 908 1471 hic
925 1440 1010 1471 bona
1029 1440 1150 1471 Bertha
1167 1440 1322 1471 Rosata.’'

241 1515 371 1566 Quod
411 1515 569 1558 Bertha
606 1532 682 1558 una
721 1531 772 1558 ex
812 1516 865 1558 iis
905 1515 1151 1559 monialibus
1190 1516 1284 1567 fuit,
1333 1531 1424 1571 quae
1458 1531 1538 1558 non
1581 1517 1639 1559 ita

240 1589 369 1632 multo
390 1599 484 1633 ante
504 1589 716 1633 Prioratus
736 1590 1063 1643 dissolutionem,
1085 1590 1188 1632 inibi
1218 1589 1404 1646 professa
1424 1589 1517 1643 fuit,
1539 1591 1637 1633 inde

240 1666 515 1719 conjecturam
533 1665 670 1721 capio,
692 1665 806 1720 quod
831 1680 931 1707 urna
950 1665 1149 1721 praedictfi
1164 1665 1427 1722 inscriptione
1443 1665 1637 1708 decorata

239 1747 326 1782 erat
355 1755 436 1782 non
470 1738 609 1782 multis
630 1743 739 1782 retro
768 1740 882 1782 annis
914 1738 1075 1791 effossa,
1105 1754 1254 1795 nempe
1284 1739 1393 1781 circa
1417 1755 1480 1781 an.
1509 1739 1634 1791 1644,

240 1829 324 1870 quo
345 1820 544 1870 tempore,
567 1814 711 1857 oborta
741 1813 978 1864 rebellione,
996 1813 1123 1855 foedae
1154 1812 1446 1869 sacrilegorum
1473 1827 1632 1864 manus,

239 1887 405 1942 collegii
435 1887 631 1930 sacellum
661 1888 895 1944 turpissime
926 1887 1139 1938 violantes,
1172 1887 1279 1929 hanc
1310 1902 1477 1943 quoque
1511 1887 1631 1929 bonae

237 1961 406 2006 Berthae
446 1977 587 2004 urnam
623 1963 727 2005 inter
766 1962 847 2005 alia
877 1962 1161 2006 defunctorum
1205 1966 1466 2003 monumenta
1501 1961 1630 2003 deho-

236 2041 457 2080 uastarunt.

295 2112 424 2162 Quod
458 2112 492 2154 si
521 2127 612 2166 quae
644 2113 898 2169 superstites,
930 2120 1026 2155 tunc
1049 2112 1245 2169 temporis
1264 2118 1397 2164 erant,
1416 2113 1631 2164 moniales,

236 2187 432 2229 virtutum
462 2186 578 2228 bonae
599 2185 762 2228 Berthae
794 2187 947 2228 rosario
983 2186 1152 2228 fuissent
1177 2192 1344 2237 ornatae,
1374 2201 1454 2228 non
1488 2187 1632 2243 utique

237 2276 332 2303 cum
352 2259 523 2310 Bertha,
562 2267 647 2301 tota
671 2274 838 2315 quoque
868 2259 1015 2301 domus
1047 2261 1091 2302 S.
1120 2259 1395 2315 Radegundis
1420 2262 1630 2315 jacuisset.

236 2334 306 2376 De
340 2335 457 2389 cujus
492 2334 636 2377 domus
669 2339 831 2383 occasii,
863 2334 916 2374 de
960 2332 1171 2376 Priorams
1206 2335 1508 2390 suppressione,
1547 2336 1631 2378 sive

236 2409 520 2460 dissolutione,
562 2410 650 2464 ipsa
687 2409 930 2451 narrationis
963 2409 1068 2451 serie
1102 2409 1231 2461 ducti,
1268 2425 1400 2466 pauca
1433 2410 1630 2467 deinceps

235 2483 386 2526 dicturi
405 2498 555 2525 sumus.

292 2557 591 2600 monasterium
619 2558 665 2600 S.
689 2557 816 2608 Rad„
854 2571 1091 2612 quanquam
1124 2557 1197 2600 diu
1227 2558 1356 2609 stetit,
1388 2558 1546 2602 scilicet
1575 2560 1629 2603 ab

236 2631 413 2674 Henrici
434 2632 491 2672 2di
516 2631 772 2688 temporibus
802 2645 932 2686 usque
960 2631 1012 2673 ad
1035 2632 1148 2675 Hen.
1171 2632 1316 2683 7²³mum,
1348 2647 1474 2674 annos
1508 2634 1628 2676 nimi—

234 2720 324 2747 rum
354 2709 554 2746 trecentos
584 2710 748 2760 praeter,
770 2709 939 2760 propter
969 2705 1091 2759 quasi·
1116 2712 1250 2747 tamen
1283 2704 1461 2748 infausto
1491 2705 1626 2747 sidere

234 2778 470 2822 dominante
507 2778 684 2833 positum
725 2777 883 2828 fuisset,
914 2776 1027 2819 haud
1061 2777 1135 2821 diu
1174 2778 1310 2820 floruit
1339 2778 1463 2820 etiam
1492 2793 1627 2834 neque

234 2852 305 2895 diu
327 2851 486 2894 stetisse
508 2856 616 2892 recte
638 2851 814 2902 dicatur,
836 2850 1076 2906 saepiuscule
1106 2851 1213 2893 enim
1235 2851 1470 2904 vacillabat,
1500 2853 1624 2894 etiam

1329 2939 1353 2967 c
1369 2927 1396 2967 2
