1936 3224
340 220 395 262 28
929 233 1130 262 uis‘romA

340 342 504 384 Statuto
540 347 675 383 autem
714 341 816 384 Eliz.
858 356 983 398 supra
1022 347 1259 395 memorato,
1300 342 1436 385 dictus
1477 342 1730 399 praelectoris

340 413 563 470 theologici
584 414 698 456 locus
716 415 756 456 in
779 419 955 470 quatuor
974 414 1279 458 concionatores
1299 415 1537 459 immutatus
1550 423 1652 460 erat.

395 488 499 530 Post
537 490 739 530 sociorum
777 493 819 530 et
857 487 1103 530 scholarium
1137 487 1413 540 fundationes,
1455 488 1525 531 alii
1562 489 1731 546 insuper

338 561 618 604 benefactores
638 561 800 604 nomine
831 562 1073 618 designandi
1094 562 1271 606 veniunt.
1333 563 1444 606 Inter
1473 578 1578 619 quos
1597 563 1731 620 primo

337 635 608 678 nominandus
621 637 800 678 occurrit
820 635 849 677 J
852 651 1002 678 oannes
1026 635 1168 692 Risely
1186 635 1317 688 miles,
1348 637 1420 692 qui
1450 636 1626 680 claustra
1647 637 1732 680 suis

340 709 573 766 sumptibus
594 709 835 760 construxit,
857 715 897 751 et
918 708 1089 765 plumbo
1110 710 1335 765 cooperuit.

397 783 701 840 Appropriatio
721 782 906 824 rectoriae
927 783 980 825 de
1001 782 1195 826 Shelford
1226 783 1345 839 Mag.
1367 783 1579 840 praedictae
1600 798 1728 840 quan-

339 871 463 913 quam
502 856 653 899 Jacobi
694 855 873 899 Eliensis
911 856 1097 913 episcopi
1136 857 1439 909 munificentiae,
1481 858 1668 914 superius
1705 875 1730 901 a

338 930 459 974 nobis
490 930 646 973 tributa
676 930 743 982 sit,
777 936 921 986 utpote
954 930 1069 986 cujus
1099 931 1139 973 in
1171 937 1388 988 patronatu
1420 932 1592 974 rectoria
1625 933 1729 975 anti-

339 1005 480 1060 quitus
514 1003 607 1055 fuit,
643 1009 685 1045 et
714 1003 866 1046 vicaria
901 1004 1120 1047 etiamnum
1152 1011 1236 1048 est:
1283 1020 1376 1048 suas
1413 1012 1547 1048 tamen
1578 1006 1619 1048 in
1648 1005 1730 1049 hoc

338 1078 506 1134 negotio
526 1084 664 1134 partes
684 1078 808 1120 etiam
830 1083 872 1120 et
894 1077 953 1120 Dr
976 1078 1194 1122 Eccleston
1225 1085 1361 1122 custos
1391 1079 1556 1135 collegii
1586 1094 1729 1122 secun·

340 1153 419 1196 dus
439 1153 519 1196 sibi
537 1152 742 1205 vendicat,
764 1154 836 1209 qui
856 1158 952 1196 tunc
973 1154 1166 1210 temporis
1196 1159 1330 1196 rector
1349 1160 1436 1196 erat
1461 1154 1586 1197 dictae
1607 1168 1730 1211 paro·

340 1225 463 1277 chiae,
483 1225 738 1280 eandemque
756 1225 887 1268 libere
915 1226 1162 1282 resignabat.

398 1303 505 1346 Suas
525 1301 649 1344 etiam
669 1307 807 1358 partes
827 1307 869 1343 et
891 1300 1072 1344 Ricardo
1094 1301 1298 1357 Hastings
1319 1300 1439 1344 militi
1460 1301 1729 1358 assignamus,

339 1391 415 1419 nec
443 1391 524 1419 non
557 1375 734 1418 dominae
763 1375 937 1417 Joannae
969 1375 1086 1418 uxori
1123 1374 1296 1418 Ricardi
1321 1374 1461 1432 Pigot,
1491 1375 1729 1432 Reginaldo

339 1451 450 1506 Bray
470 1449 591 1492 militi
621 1456 662 1492 et
694 1449 871 1492 dominae
906 1449 1144 1492 Catharinae
1175 1453 1310 1501 uxori,
1345 1465 1518 1506 quorum
1548 1451 1730 1494 omnium

340 1524 535 1580 impensis
568 1523 851 1580 appropriatio
884 1523 993 1566 facta
1025 1530 1124 1566 erat.
1186 1524 1292 1567 Suas
1324 1523 1504 1580 denique
1538 1523 1621 1566 sibi
1655 1524 1730 1566 ha·

339 1598 464 1640 beant
503 1604 546 1641 et
584 1597 685 1641 Gul.
722 1597 934 1640 Achinson
976 1596 1130 1641 S.T.P.
1170 1603 1212 1639 et
1252 1597 1354 1640 Gul.
1392 1597 1628 1650 Eccleston,
1657 1598 1730 1654 qui

340 1686 508 1728 operam
529 1687 642 1714 suam
659 1676 701 1713 et
721 1670 978 1727 diligentiam
998 1671 1096 1713 huic
1116 1671 1281 1726 negotio
1301 1671 1598 1727 impenderunt.

397 1745 470 1788 Ad
491 1744 667 1787 aedificia
688 1744 797 1787 intra
825 1744 966 1787 turrim
994 1750 1036 1786 et
1054 1743 1219 1786 hortum
1246 1745 1448 1787 sociorum
1475 1746 1552 1788 sita
1577 1746 1729 1789 instau-

339 1818 483 1870 randa,
504 1818 671 1861 domina
693 1820 854 1861 Joanna
891 1833 992 1860 uxor
1025 1817 1199 1860 Ricardi
1230 1818 1434 1874 Hastings
1464 1819 1620 1871 militis,
1657 1819 1730 1876 qui

338 1894 503 1950 insuper
522 1901 610 1937 erat
639 1894 828 1936 dominus
858 1894 912 1935 de
938 1892 1072 1935 Wells
1101 1899 1143 1935 et
1174 1892 1463 1950 Willoughby,
1497 1900 1539 1936 et
1564 1894 1731 1938 domina

340 1968 566 2011 Catharina
595 1968 738 2010 relicta
771 1966 995 2023 Reginaldi
1021 1967 1131 2023 Bray
1154 1966 1308 2018 militis,
1333 1982 1405 2009 sua
1435 1967 1621 2024 symbola
1654 1967 1728 2011 ad-

335 2042 535 2096 jecerunt.

395 2119 444 2162 In
464 2119 530 2161 his
550 2118 738 2162 aedificiis
769 2119 904 2176 posita
927 2128 1014 2163 erat
1040 2121 1181 2164 schola
1210 2122 1540 2178 grammaticalis,
1575 2122 1615 2164 in
1647 2125 1728 2179 qua

339 2194 628 2249 ludimagister
664 2199 705 2235 et
747 2193 983 2245 hostiarius,
1019 2209 1093 2250 per
1130 2194 1408 2239 fundationem
1450 2197 1728 2240 Stanleianam

339 2269 564 2321 constituti,
581 2269 664 2311 suis
689 2267 834 2311 officiis
863 2267 1150 2324 fungebantur.
1212 2270 1452 2314 Nominatio
1472 2271 1596 2327 hujus
1619 2272 1727 2315 ludi-

339 2343 523 2400 magistri
561 2358 751 2386 concessa
786 2348 873 2385 erat
907 2343 1083 2386 dominae
1118 2343 1352 2387 Catharinae
1388 2345 1616 2402 praedictae,
1652 2361 1727 2402 pro

339 2419 511 2462 termino
529 2418 623 2460 vitae
645 2432 746 2468 suae,
767 2418 923 2460 ratione
945 2418 1143 2460 donorum
1165 2434 1404 2475 magnorum
1426 2427 1468 2463 et
1497 2420 1727 2477 amplorum

338 2493 392 2535 ab
413 2493 503 2549 ipsa
518 2492 683 2534 domina
700 2491 925 2534 catharina
942 2492 1196 2536 collatorum.
1229 2493 1338 2543 Quae
1355 2494 1523 2549 quidem
1544 2494 1726 2548 domina,

339 2567 545 2624 tripartito
574 2567 858 2618 instrument0‚
893 2568 998 2609 inter
1029 2567 1158 2623 ipsam
1188 2573 1230 2610 et
1258 2567 1353 2610 coll.
1372 2567 1475 2610 Jesu
1505 2574 1547 2611 et
1576 2569 1725 2624 magis·

339 2647 445 2682 trum
466 2647 508 2682 et
527 2641 661 2682 socios
680 2639 785 2682 aulae
808 2638 1164 2683 Pembrochiensis
1185 2642 1238 2683 de
1258 2641 1428 2684 cameris
1447 2648 1488 2683 et
1509 2642 1726 2699 stipendiis

338 2713 624 2769 ludimagistro
643 2720 685 2756 et
704 2713 901 2755 hostiario
922 2713 1176 2768 assignandis
1197 2722 1324 2757 cavet.

395 2787 642 2830 Gotofridus
669 2786 885 2842 Fuljambe
921 2787 1111 2843 armiger,
1144 2788 1251 2831 filius
1279 2795 1321 2830 et
1351 2788 1481 2832 haeres
1512 2790 1723 2833 Gotofridi

340 2861 556 2916 Fuljambe
575 2860 627 2902 de
644 2860 813 2903 Walton
835 2860 872 2901 in
897 2859 1015 2903 Com.
1038 2859 1188 2913 Derb„
1206 2861 1328 2916 hujus
1354 2862 1517 2919 collegii
1539 2862 1724 2905 alumnus
