<?xml version="1.0" encoding="UTF-8"?>
<!DOCTYPE html PUBLIC "-//W3C//DTD XHTML 1.0 Transitional//EN"
    "http://www.w3.org/TR/xhtml1/DTD/xhtml1-transitional.dtd">
<html xmlns="http://www.w3.org/1999/xhtml" xml:lang="en" lang="en">
 <head>
  <title>
</title>
<meta http-equiv="Content-Type" content="text/html;charset=utf-8" />
  <meta name='ocr-system' content='tesseract 3.04.00' />
  <meta name='ocr-capabilities' content='ocr_page ocr_carea ocr_par ocr_line ocrx_word'/>
</head>
<body>
  <div class='ocr_page' id='page_1' title='image "./historiacollegii00sheruoft_0048.png"; bbox 0 0 1936 3224; ppageno 0'>
   <div class='ocr_carea' id='block_1_1' title="bbox 335 227 1126 270">
    <p class='ocr_par' dir='ltr' id='par_1_1' title="bbox 335 227 1126 270">
     <span class='ocr_line' id='line_1_1' title="bbox 335 227 1126 270; baseline 0.003 -2"><span class='ocrx_word' id='word_1_1' title='bbox 335 227 392 268; x_wconf 87' lang='lat'><strong>36</strong></span> <span class='ocrx_word' id='word_1_2' title='bbox 923 242 1126 270; x_wconf 71' lang='lat' dir='ltr'><strong>msroum</strong></span> 
     </span>
    </p>
   </div>
   <div class='ocr_carea' id='block_1_2' title="bbox 336 349 1744 2915">
    <p class='ocr_par' dir='ltr' id='par_1_2' title="bbox 336 349 1730 481">
     <span class='ocr_line' id='line_1_2' title="bbox 336 349 1730 407; baseline 0.001 -16"><span class='ocrx_word' id='word_1_3' title='bbox 336 365 399 392; x_wconf 90' lang='lat' dir='ltr'><strong>an.</strong></span> <span class='ocrx_word' id='word_1_4' title='bbox 420 350 543 402; x_wconf 88' lang='grc'><strong>1546,</strong></span> <span class='ocrx_word' id='word_1_5' title='bbox 566 349 657 392; x_wconf 92' lang='lat' dir='ltr'><strong>loco</strong></span> <span class='ocrx_word' id='word_1_6' title='bbox 679 349 814 393; x_wconf 78' lang='lat' dir='ltr'><strong>cessit,</strong></span> <span class='ocrx_word' id='word_1_7' title='bbox 876 350 1003 393; x_wconf 85' lang='lat' dir='ltr'>Fallit</span> <span class='ocrx_word' id='word_1_8' title='bbox 1024 351 1166 402; x_wconf 87' lang='lat' dir='ltr'><strong>Caius,</strong></span> <span class='ocrx_word' id='word_1_9' title='bbox 1180 350 1278 393; x_wconf 91' lang='lat' dir='ltr'><strong>dum</strong></span> <span class='ocrx_word' id='word_1_10' title='bbox 1300 350 1409 394; x_wconf 91' lang='lat' dir='ltr'><strong>hunc</strong></span> <span class='ocrx_word' id='word_1_11' title='bbox 1427 351 1532 393; x_wconf 68' lang='lat' dir='ltr'><strong>Dran</strong></span> <span class='ocrx_word' id='word_1_12' title='bbox 1553 350 1730 407; x_wconf 86' lang='lat' dir='ltr'><strong>primum</strong></span> 
     </span>
     <span class='ocr_line' id='line_1_3' title="bbox 338 425 1367 481; baseline 0.003 -16"><span class='ocrx_word' id='word_1_13' title='bbox 338 425 549 472; x_wconf 76' lang='lat' dir='ltr'>custodem</span> <span class='ocrx_word' id='word_1_14' title='bbox 571 432 774 476; x_wconf 88' lang='lat' dir='ltr'><strong>numerat,</strong></span> <span class='ocrx_word' id='word_1_15' title='bbox 795 429 837 467; x_wconf 87' lang='lat' dir='ltr'><strong>et</strong></span> <span class='ocrx_word' id='word_1_16' title='bbox 857 425 1014 481; x_wconf 80' lang='lat' dir='ltr'>priores</span> <span class='ocrx_word' id='word_1_17' title='bbox 1034 439 1200 481; x_wconf 81' lang='lat' dir='ltr'><strong>prorsus</strong></span> <span class='ocrx_word' id='word_1_18' title='bbox 1217 425 1367 468; x_wconf 86' lang='lat' dir='ltr'><strong>omisit.</strong></span> 
     </span>
    </p>

    <p class='ocr_par' dir='ltr' id='par_1_3' title="bbox 341 497 1733 838">
     <span class='ocr_line' id='line_1_4' title="bbox 396 497 1731 554; baseline 0 -15"><span class='ocrx_word' id='word_1_19' title='bbox 396 498 537 552; x_wconf 85' lang='lat' dir='ltr'><strong>Hujus</strong></span> <span class='ocrx_word' id='word_1_20' title='bbox 568 497 768 541; x_wconf 88' lang='lat' dir='ltr'><strong>Gulielmi</strong></span> <span class='ocrx_word' id='word_1_21' title='bbox 798 506 960 554; x_wconf 87' lang='lat' dir='ltr'><strong>rogatu,</strong></span> <span class='ocrx_word' id='word_1_22' title='bbox 991 498 1058 541; x_wconf 92' lang='lat' dir='ltr'><strong>J0.</strong></span> <span class='ocrx_word' id='word_1_23' title='bbox 1081 497 1369 547; x_wconf 83' lang='lat' dir='ltr'><strong>Batemanson.</strong></span> <span class='ocrx_word' id='word_1_24' title='bbox 1405 497 1576 550; x_wconf 90' lang='lat' dir='ltr'><strong>LL.D.,</strong></span> <span class='ocrx_word' id='word_1_25' title='bbox 1610 511 1731 540; x_wconf 83' lang='lat' dir='ltr'><strong>unam</strong></span> 
     </span>
     <span class='ocr_line' id='line_1_5' title="bbox 341 570 1730 629; baseline 0.001 -17"><span class='ocrx_word' id='word_1_26' title='bbox 341 571 560 626; x_wconf 78' lang='lat' dir='ltr'><strong>theologiae</strong></span> <span class='ocrx_word' id='word_1_27' title='bbox 580 571 884 627; x_wconf 62' lang='lat' dir='ltr'><strong>praelectionem</strong></span> <span class='ocrx_word' id='word_1_28' title='bbox 905 586 1028 627; x_wconf 90' lang='lat' dir='ltr'><strong>super</strong></span> <span class='ocrx_word' id='word_1_29' title='bbox 1049 570 1206 613; x_wconf 88' lang='lat' dir='ltr'><strong>reditus</strong></span> <span class='ocrx_word' id='word_1_30' title='bbox 1226 570 1280 612; x_wconf 92' lang='lat' dir='ltr'><strong>de</strong></span> <span class='ocrx_word' id='word_1_31' title='bbox 1303 570 1518 629; x_wconf 83' lang='lat' dir='ltr'><strong>Lothbury</strong></span> <span class='ocrx_word' id='word_1_32' title='bbox 1541 570 1730 614; x_wconf 71' lang='lat' dir='ltr'><strong>london.</strong></span> 
     </span>
     <span class='ocr_line' id='line_1_6' title="bbox 341 643 1733 700; baseline 0.001 -14"><span class='ocrx_word' id='word_1_33' title='bbox 341 644 538 687; x_wconf 88' lang='lat' dir='ltr'><strong>fundavit.</strong></span> <span class='ocrx_word' id='word_1_34' title='bbox 589 644 833 688; x_wconf 88' lang='lat' dir='ltr'><strong>Visitatores</strong></span> <span class='ocrx_word' id='word_1_35' title='bbox 853 650 987 687; x_wconf 89' lang='lat' dir='ltr'><strong>autem</strong></span> <span class='ocrx_word' id='word_1_36' title='bbox 1005 644 1179 699; x_wconf 87' lang='lat' dir='ltr'><strong>Reginae</strong></span> <span class='ocrx_word' id='word_1_37' title='bbox 1202 643 1309 687; x_wconf 88' lang='lat' dir='ltr'><strong>Eliz.</strong></span> <span class='ocrx_word' id='word_1_38' title='bbox 1332 644 1494 687; x_wconf 91' lang='lat' dir='ltr'><strong>sublato</strong></span> <span class='ocrx_word' id='word_1_39' title='bbox 1511 643 1733 700; x_wconf 66' lang='lat' dir='ltr'><strong>theologie</strong></span> 
     </span>
     <span class='ocr_line' id='line_1_7' title="bbox 341 717 1733 775; baseline 0 -15"><span class='ocrx_word' id='word_1_40' title='bbox 341 718 595 775; x_wconf 83' lang='lat' dir='ltr'><strong>praeleotore‚</strong></span> <span class='ocrx_word' id='word_1_41' title='bbox 626 727 801 775; x_wconf 90' lang='lat' dir='ltr'><strong>quatuor</strong></span> <span class='ocrx_word' id='word_1_42' title='bbox 844 718 1138 775; x_wconf 86' lang='lat' dir='ltr'><strong>praedicatores</strong></span> <span class='ocrx_word' id='word_1_43' title='bbox 1175 719 1265 772; x_wconf 84' lang='lat' dir='ltr'><strong>ejus</strong></span> <span class='ocrx_word' id='word_1_44' title='bbox 1295 717 1399 769; x_wconf 89' lang='lat' dir='ltr'><strong>loco,</strong></span> <span class='ocrx_word' id='word_1_45' title='bbox 1425 725 1466 760; x_wconf 86' lang='lat' dir='ltr'><strong>et</strong></span> <span class='ocrx_word' id='word_1_46' title='bbox 1499 732 1551 761; x_wconf 84' lang='lat' dir='ltr'><strong>ex</strong></span> <span class='ocrx_word' id='word_1_47' title='bbox 1585 717 1733 761; x_wconf 88' lang='lat' dir='ltr'><strong>eodem</strong></span> 
     </span>
     <span class='ocr_line' id='line_1_8' title="bbox 345 794 998 838; baseline -0.005 0"><span class='ocrx_word' id='word_1_48' title='bbox 345 796 479 838; x_wconf 84' lang='lat' dir='ltr'><strong>reditu</strong></span> <span class='ocrx_word' id='word_1_49' title='bbox 501 795 672 838; x_wconf 89' lang='lat' dir='ltr'><strong>alendos</strong></span> <span class='ocrx_word' id='word_1_50' title='bbox 691 794 998 837; x_wconf 89' lang='lat' dir='ltr'><strong>constituerunt.</strong></span> 
     </span>
    </p>

    <p class='ocr_par' dir='ltr' id='par_1_4' title="bbox 346 867 1738 1725">
     <span class='ocr_line' id='line_1_9' title="bbox 401 867 1733 923; baseline -0.001 -11"><span class='ocrx_word' id='word_1_51' title='bbox 401 872 441 912; x_wconf 89' lang='lat'><strong>5.</strong></span> <span class='ocrx_word' id='word_1_52' title='bbox 475 872 614 913; x_wconf 87' lang='lat' dir='ltr'><strong>Primo</strong></span> <span class='ocrx_word' id='word_1_53' title='bbox 637 869 833 912; x_wconf 87' lang='lat' dir='ltr'><strong>Edwardi</strong></span> <span class='ocrx_word' id='word_1_54' title='bbox 855 870 905 911; x_wconf 74' lang='lat' dir='ltr'><strong>6ti</strong></span> <span class='ocrx_word' id='word_1_55' title='bbox 923 869 991 911; x_wconf 89' lang='lat' dir='ltr'><strong>J0.</strong></span> <span class='ocrx_word' id='word_1_56' title='bbox 1013 868 1184 920; x_wconf 81' lang='lat' dir='ltr'><strong>Reston,</strong></span> <span class='ocrx_word' id='word_1_57' title='bbox 1204 867 1356 911; x_wconf 89' lang='lat' dir='ltr'><strong>S.T.P.</strong></span> <span class='ocrx_word' id='word_1_58' title='bbox 1389 869 1428 910; x_wconf 90' lang='lat' dir='ltr'><strong>in</strong></span> <span class='ocrx_word' id='word_1_59' title='bbox 1459 868 1583 923; x_wconf 82' lang='lat' dir='ltr'><strong>hujus</strong></span> <span class='ocrx_word' id='word_1_60' title='bbox 1609 867 1733 911; x_wconf 84' lang='lat' dir='ltr'><strong>colle-</strong></span> 
     </span>
     <span class='ocr_line' id='line_1_10' title="bbox 346 940 1733 1001; baseline -0.003 -14"><span class='ocrx_word' id='word_1_61' title='bbox 346 945 404 1001; x_wconf 86' lang='lat' dir='ltr'><strong>gii</strong></span> <span class='ocrx_word' id='word_1_62' title='bbox 434 943 712 999; x_wconf 84' lang='lat' dir='ltr'><strong>magisterium</strong></span> <span class='ocrx_word' id='word_1_63' title='bbox 744 941 937 984; x_wconf 83' lang='lat' dir='ltr'><strong>suffectus</strong></span> <span class='ocrx_word' id='word_1_64' title='bbox 972 949 1048 993; x_wconf 88' lang='lat' dir='ltr'><strong>est,</strong></span> <span class='ocrx_word' id='word_1_65' title='bbox 1081 941 1237 984; x_wconf 88' lang='lat' dir='ltr'><strong>Rector</strong></span> <span class='ocrx_word' id='word_1_66' title='bbox 1274 941 1327 984; x_wconf 89' lang='lat' dir='ltr'><strong>de</strong></span> <span class='ocrx_word' id='word_1_67' title='bbox 1363 941 1660 984; x_wconf 86' lang='lat' dir='ltr'><strong>Heildersham</strong></span> <span class='ocrx_word' id='word_1_68' title='bbox 1691 940 1733 983; x_wconf 87' lang='lat' dir='ltr'><strong>in</strong></span> 
     </span>
     <span class='ocr_line' id='line_1_11' title="bbox 349 1013 1735 1071; baseline -0.002 -11"><span class='ocrx_word' id='word_1_69' title='bbox 349 1018 470 1061; x_wconf 91' lang='lat' dir='ltr'><strong>Com.</strong></span> <span class='ocrx_word' id='word_1_70' title='bbox 494 1018 631 1068; x_wconf 68' lang='lat' dir='ltr'><strong>Cant,</strong></span> <span class='ocrx_word' id='word_1_71' title='bbox 653 1015 816 1071; x_wconf 85' lang='lat' dir='ltr'><strong>collegii</strong></span> <span class='ocrx_word' id='word_1_72' title='bbox 842 1015 945 1058; x_wconf 90' lang='lat' dir='ltr'><strong>Jesu</strong></span> <span class='ocrx_word' id='word_1_73' title='bbox 975 1015 1176 1066; x_wconf 88' lang='lat' dir='ltr'><strong>alumnus,</strong></span> <span class='ocrx_word' id='word_1_74' title='bbox 1206 1014 1351 1057; x_wconf 87' lang='lat' dir='ltr'><strong>socius.</strong></span> <span class='ocrx_word' id='word_1_75' title='bbox 1411 1014 1539 1056; x_wconf 88' lang='lat' dir='ltr'><strong>Thos.</strong></span> <span class='ocrx_word' id='word_1_76' title='bbox 1562 1013 1735 1057; x_wconf 81' lang='lat' dir='ltr'><strong>Goode-</strong></span> 
     </span>
     <span class='ocr_line' id='line_1_12' title="bbox 346 1088 1736 1147; baseline -0.002 -13"><span class='ocrx_word' id='word_1_77' title='bbox 346 1091 448 1143; x_wconf 83' lang='lat' dir='ltr'><strong>rick‚</strong></span> <span class='ocrx_word' id='word_1_78' title='bbox 487 1091 706 1147; x_wconf 88' lang='lat' dir='ltr'><strong>episcopus</strong></span> <span class='ocrx_word' id='word_1_79' title='bbox 743 1088 938 1140; x_wconf 81' lang='lat' dir='ltr'><strong>EliensiS,</strong></span> <span class='ocrx_word' id='word_1_80' title='bbox 975 1088 1282 1131; x_wconf 87' lang='lat' dir='ltr'><strong>advocationem</strong></span> <span class='ocrx_word' id='word_1_81' title='bbox 1323 1088 1446 1143; x_wconf 86' lang='lat' dir='ltr'><strong>hujus</strong></span> <span class='ocrx_word' id='word_1_82' title='bbox 1480 1088 1736 1144; x_wconf 81' lang='lat' dir='ltr'><strong>praefecturae</strong></span> 
     </span>
     <span class='ocr_line' id='line_1_13' title="bbox 349 1161 1736 1219; baseline -0.001 -12"><span class='ocrx_word' id='word_1_83' title='bbox 349 1171 604 1208; x_wconf 84' lang='lat' dir='ltr'><strong>concesserat</strong></span> <span class='ocrx_word' id='word_1_84' title='bbox 634 1164 800 1206; x_wconf 88' lang='lat' dir='ltr'><strong>domino</strong></span> <span class='ocrx_word' id='word_1_85' title='bbox 829 1163 1003 1205; x_wconf 88' lang='lat' dir='ltr'><strong>Thomae</strong></span> <span class='ocrx_word' id='word_1_86' title='bbox 1024 1163 1191 1219; x_wconf 89' lang='lat' dir='ltr'><strong>Audley</strong></span> <span class='ocrx_word' id='word_1_87' title='bbox 1224 1162 1358 1214; x_wconf 89' lang='lat' dir='ltr'><strong>militi,</strong></span> <span class='ocrx_word' id='word_1_88' title='bbox 1389 1177 1547 1204; x_wconf 91' lang='lat' dir='ltr'><strong>summo</strong></span> <span class='ocrx_word' id='word_1_89' title='bbox 1567 1161 1736 1217; x_wconf 75' lang='lat' dir='ltr'><strong>Angliae</strong></span> 
     </span>
     <span class='ocr_line' id='line_1_14' title="bbox 349 1235 1736 1292; baseline -0.002 -11"><span class='ocrx_word' id='word_1_90' title='bbox 349 1238 607 1290; x_wconf 88' lang='lat' dir='ltr'><strong>cancellario,</strong></span> <span class='ocrx_word' id='word_1_91' title='bbox 629 1239 746 1292; x_wconf 92' lang='lat' dir='ltr'><strong>cujus</strong></span> <span class='ocrx_word' id='word_1_92' title='bbox 776 1237 815 1279; x_wconf 89' lang='lat' dir='ltr'><strong>vi</strong></span> <span class='ocrx_word' id='word_1_93' title='bbox 835 1242 878 1279; x_wconf 85' lang='lat' dir='ltr'><strong>et</strong></span> <span class='ocrx_word' id='word_1_94' title='bbox 902 1238 996 1291; x_wconf 88' lang='lat' dir='ltr'><strong>jure</strong></span> <span class='ocrx_word' id='word_1_95' title='bbox 1017 1236 1144 1279; x_wconf 88' lang='lat' dir='ltr'><strong>Thos.</strong></span> <span class='ocrx_word' id='word_1_96' title='bbox 1168 1236 1328 1279; x_wconf 75' lang='lat' dir='ltr'><strong>Bai-ber</strong></span> <span class='ocrx_word' id='word_1_97' title='bbox 1348 1237 1539 1291; x_wconf 81' lang='lat' dir='ltr'><strong>armiger,</strong></span> <span class='ocrx_word' id='word_1_98' title='bbox 1561 1235 1736 1278; x_wconf 85' lang='lat' dir='ltr'><strong>Cancel-</strong></span> 
     </span>
     <span class='ocr_line' id='line_1_15' title="bbox 349 1309 1736 1368; baseline -0.002 -13"><span class='ocrx_word' id='word_1_99' title='bbox 349 1313 442 1355; x_wconf 88' lang='lat' dir='ltr'><strong>larii</strong></span> <span class='ocrx_word' id='word_1_100' title='bbox 463 1318 672 1363; x_wconf 85' lang='lat' dir='ltr'><strong>executor,</strong></span> <span class='ocrx_word' id='word_1_101' title='bbox 703 1311 978 1368; x_wconf 64' lang='lat' dir='ltr'><strong>praesentabat</strong></span> <span class='ocrx_word' id='word_1_102' title='bbox 1006 1311 1207 1353; x_wconf 87' lang='lat' dir='ltr'><strong>Joannem</strong></span> <span class='ocrx_word' id='word_1_103' title='bbox 1230 1310 1386 1352; x_wconf 84' lang='lat' dir='ltr'><strong>Reston</strong></span> <span class='ocrx_word' id='word_1_104' title='bbox 1407 1309 1462 1352; x_wconf 86' lang='lat' dir='ltr'><strong>ad</strong></span> <span class='ocrx_word' id='word_1_105' title='bbox 1491 1309 1597 1352; x_wconf 87' lang='lat' dir='ltr'><strong>hanc</strong></span> <span class='ocrx_word' id='word_1_106' title='bbox 1630 1324 1736 1366; x_wconf 75' lang='lat' dir='ltr'><strong>prae·</strong></span> 
     </span>
     <span class='ocr_line' id='line_1_16' title="bbox 349 1383 1737 1440; baseline -0.001 -12"><span class='ocrx_word' id='word_1_107' title='bbox 349 1386 544 1432; x_wconf 82' lang='lat' dir='ltr'><strong>secturam</strong></span> <span class='ocrx_word' id='word_1_108' title='bbox 567 1400 671 1427; x_wconf 90' lang='lat' dir='ltr'><strong>anno</strong></span> <span class='ocrx_word' id='word_1_109' title='bbox 700 1385 951 1440; x_wconf 87' lang='lat' dir='ltr'><strong>supradicto.</strong></span> <span class='ocrx_word' id='word_1_110' title='bbox 1011 1383 1174 1426; x_wconf 82' lang='lat' dir='ltr'><strong>Primus</strong></span> <span class='ocrx_word' id='word_1_111' title='bbox 1203 1384 1274 1440; x_wconf 91' lang='lat' dir='ltr'><strong>qui</strong></span> <span class='ocrx_word' id='word_1_112' title='bbox 1295 1385 1323 1425; x_wconf 93' lang='lat'><em>5</em></span> <span class='ocrx_word' id='word_1_113' title='bbox 1343 1384 1544 1426; x_wconf 84' lang='lat' dir='ltr'><strong>sociorum</strong></span> <span class='ocrx_word' id='word_1_114' title='bbox 1570 1397 1737 1426; x_wconf 85' lang='lat' dir='ltr'><strong>numero</strong></span> 
     </span>
     <span class='ocr_line' id='line_1_17' title="bbox 352 1455 1738 1512; baseline -0.001 -12"><span class='ocrx_word' id='word_1_115' title='bbox 352 1458 542 1500; x_wconf 89' lang='lat' dir='ltr'><strong>inclaruit</strong></span> <span class='ocrx_word' id='word_1_116' title='bbox 558 1475 568 1508; x_wconf 85' lang='lat'>3</span> <span class='ocrx_word' id='word_1_117' title='bbox 600 1472 771 1512; x_wconf 88' lang='lat' dir='ltr'><strong>quorum</strong></span> <span class='ocrx_word' id='word_1_118' title='bbox 793 1471 1004 1498; x_wconf 88' lang='lat' dir='ltr'><strong>numerum</strong></span> <span class='ocrx_word' id='word_1_119' title='bbox 1024 1456 1146 1498; x_wconf 89' lang='lat' dir='ltr'><strong>etiam</strong></span> <span class='ocrx_word' id='word_1_120' title='bbox 1177 1456 1291 1498; x_wconf 81' lang='lat' dir='ltr'><strong>auxit</strong></span> <span class='ocrx_word' id='word_1_121' title='bbox 1306 1474 1319 1507; x_wconf 79' lang='lat'>3</span> <span class='ocrx_word' id='word_1_122' title='bbox 1348 1470 1473 1498; x_wconf 89' lang='lat' dir='ltr'><strong>unum</strong></span> <span class='ocrx_word' id='word_1_123' title='bbox 1502 1455 1738 1499; x_wconf 81' lang='lat' dir='ltr'><strong>sodalitium</strong></span> 
     </span>
     <span class='ocr_line' id='line_1_18' title="bbox 352 1531 1738 1590; baseline -0.002 -13"><span class='ocrx_word' id='word_1_124' title='bbox 352 1534 554 1585; x_wconf 82' lang='lat' dir='ltr'><strong>fundavit,</strong></span> <span class='ocrx_word' id='word_1_125' title='bbox 576 1540 617 1577; x_wconf 89' lang='lat' dir='ltr'><strong>et</strong></span> <span class='ocrx_word' id='word_1_126' title='bbox 637 1541 795 1590; x_wconf 79' lang='lat' dir='ltr'><strong>septem</strong></span> <span class='ocrx_word' id='word_1_127' title='bbox 817 1532 1103 1589; x_wconf 85' lang='lat' dir='ltr'><strong>discipulatus,</strong></span> <span class='ocrx_word' id='word_1_128' title='bbox 1133 1548 1256 1589; x_wconf 87' lang='lat' dir='ltr'><strong>super</strong></span> <span class='ocrx_word' id='word_1_129' title='bbox 1285 1532 1440 1575; x_wconf 78' lang='lat' dir='ltr'><strong>fructus</strong></span> <span class='ocrx_word' id='word_1_130' title='bbox 1469 1532 1523 1575; x_wconf 86' lang='lat' dir='ltr'><strong>de</strong></span> <span class='ocrx_word' id='word_1_131' title='bbox 1553 1531 1738 1575; x_wconf 74' lang='lat' dir='ltr'><strong>wilbra-</strong></span> 
     </span>
     <span class='ocr_line' id='line_1_19' title="bbox 353 1605 1738 1663; baseline -0.001 -13"><span class='ocrx_word' id='word_1_132' title='bbox 353 1608 463 1650; x_wconf 88' lang='lat' dir='ltr'><strong>ham.</strong></span> <span class='ocrx_word' id='word_1_133' title='bbox 485 1607 602 1663; x_wconf 87' lang='lat' dir='ltr'><strong>Mag.</strong></span> <span class='ocrx_word' id='word_1_134' title='bbox 634 1608 674 1649; x_wconf 94' lang='lat' dir='ltr'><strong>in</strong></span> <span class='ocrx_word' id='word_1_135' title='bbox 707 1607 825 1649; x_wconf 90' lang='lat' dir='ltr'><strong>Com.</strong></span> <span class='ocrx_word' id='word_1_136' title='bbox 850 1607 987 1658; x_wconf 90' lang='lat' dir='ltr'><strong>Cant.,</strong></span> <span class='ocrx_word' id='word_1_137' title='bbox 1008 1606 1341 1661; x_wconf 88' lang='lat' dir='ltr'><strong>Aldermanbury</strong></span> <span class='ocrx_word' id='word_1_138' title='bbox 1363 1605 1550 1648; x_wconf 87' lang='lat' dir='ltr'><strong>London.</strong></span> <span class='ocrx_word' id='word_1_139' title='bbox 1576 1613 1618 1648; x_wconf 85' lang='lat' dir='ltr'><strong>et</strong></span> <span class='ocrx_word' id='word_1_140' title='bbox 1640 1605 1738 1648; x_wconf 89' lang='lat' dir='ltr'><strong>Lol-</strong></span> 
     </span>
     <span class='ocr_line' id='line_1_20' title="bbox 352 1680 827 1725; baseline -0.004 -2"><span class='ocrx_word' id='word_1_141' title='bbox 352 1682 481 1725; x_wconf 87' lang='lat' dir='ltr'><strong>worth</strong></span> <span class='ocrx_word' id='word_1_142' title='bbox 502 1681 663 1725; x_wconf 88' lang='lat' dir='ltr'><strong>Marish</strong></span> <span class='ocrx_word' id='word_1_143' title='bbox 683 1680 827 1723; x_wconf 82' lang='lat' dir='ltr'><strong>Essex.</strong></span> 
     </span>
    </p>

    <p class='ocr_par' dir='ltr' id='par_1_5' title="bbox 353 1750 1740 2094">
     <span class='ocr_line' id='line_1_21' title="bbox 409 1750 1738 1808; baseline -0.002 -11"><span class='ocrx_word' id='word_1_144' title='bbox 409 1755 624 1797; x_wconf 84' lang='lat' dir='ltr'><strong>Cameram</strong></span> <span class='ocrx_word' id='word_1_145' title='bbox 635 1753 754 1808; x_wconf 86' lang='lat' dir='ltr'><strong>juxta</strong></span> <span class='ocrx_word' id='word_1_146' title='bbox 772 1752 955 1807; x_wconf 83' lang='lat' dir='ltr'><strong>magistri</strong></span> <span class='ocrx_word' id='word_1_147' title='bbox 971 1750 1244 1803; x_wconf 82' lang='lat' dir='ltr'><strong>coenaculum,</strong></span> <span class='ocrx_word' id='word_1_148' title='bbox 1260 1768 1284 1794; x_wconf 87' lang='lat' dir='ltr'><strong>a</strong></span> <span class='ocrx_word' id='word_1_149' title='bbox 1298 1758 1413 1808; x_wconf 85' lang='lat' dir='ltr'><strong>parte</strong></span> <span class='ocrx_word' id='word_1_150' title='bbox 1429 1751 1583 1794; x_wconf 85' lang='lat' dir='ltr'><strong>boreali</strong></span> <span class='ocrx_word' id='word_1_151' title='bbox 1603 1751 1738 1803; x_wconf 83' lang='lat' dir='ltr'><strong>sitam,</strong></span> 
     </span>
     <span class='ocr_line' id='line_1_22' title="bbox 353 1826 1738 1882; baseline -0.001 -12"><span class='ocrx_word' id='word_1_152' title='bbox 353 1827 419 1870; x_wconf 83' lang='lat' dir='ltr'><strong>cui</strong></span> <span class='ocrx_word' id='word_1_153' title='bbox 431 1827 667 1870; x_wconf 84' lang='lat' dir='ltr'><strong>immediate</strong></span> <span class='ocrx_word' id='word_1_154' title='bbox 687 1826 855 1881; x_wconf 86' lang='lat' dir='ltr'><strong>subjicit</strong></span> <span class='ocrx_word' id='word_1_155' title='bbox 876 1827 1065 1869; x_wconf 88' lang='lat' dir='ltr'><strong>introitus</strong></span> <span class='ocrx_word' id='word_1_156' title='bbox 1095 1827 1136 1868; x_wconf 90' lang='lat' dir='ltr'><strong>in</strong></span> <span class='ocrx_word' id='word_1_157' title='bbox 1165 1826 1356 1877; x_wconf 87' lang='lat' dir='ltr'><strong>claustra,</strong></span> <span class='ocrx_word' id='word_1_158' title='bbox 1378 1827 1439 1868; x_wconf 87' lang='lat' dir='ltr'><strong>vir</strong></span> <span class='ocrx_word' id='word_1_159' title='bbox 1468 1826 1560 1882; x_wconf 90' lang='lat' dir='ltr'><strong>pius</strong></span> <span class='ocrx_word' id='word_1_160' title='bbox 1589 1826 1669 1869; x_wconf 90' lang='lat' dir='ltr'><strong>sibi</strong></span> <span class='ocrx_word' id='word_1_161' title='bbox 1698 1826 1738 1869; x_wconf 91' lang='lat' dir='ltr'><strong>in</strong></span> 
     </span>
     <span class='ocr_line' id='line_1_23' title="bbox 353 1900 1739 1953; baseline -0.002 -8"><span class='ocrx_word' id='word_1_162' title='bbox 353 1903 573 1945; x_wconf 88' lang='lat' dir='ltr'><strong>oratorium</strong></span> <span class='ocrx_word' id='word_1_163' title='bbox 604 1902 829 1944; x_wconf 88' lang='lat' dir='ltr'><strong>consecrari</strong></span> <span class='ocrx_word' id='word_1_164' title='bbox 862 1901 984 1953; x_wconf 80' lang='lat' dir='ltr'><strong>fecit3</strong></span> <span class='ocrx_word' id='word_1_165' title='bbox 1031 1901 1250 1944; x_wconf 89' lang='lat' dir='ltr'><strong>canonicus</strong></span> <span class='ocrx_word' id='word_1_166' title='bbox 1281 1900 1491 1944; x_wconf 87' lang='lat' dir='ltr'><strong>Paulinus.</strong></span> <span class='ocrx_word' id='word_1_167' title='bbox 1566 1900 1739 1952; x_wconf 75' lang='lat' dir='ltr'><strong>Restm»,</strong></span> 
     </span>
     <span class='ocr_line' id='line_1_24' title="bbox 355 1975 1740 2033; baseline -0.001 -13"><span class='ocrx_word' id='word_1_168' title='bbox 355 1978 414 2020; x_wconf 85' lang='lat' dir='ltr'><strong>sic</strong></span> <span class='ocrx_word' id='word_1_169' title='bbox 435 1978 525 2033; x_wconf 89' lang='lat' dir='ltr'><strong>ipse</strong></span> <span class='ocrx_word' id='word_1_170' title='bbox 546 1992 664 2019; x_wconf 89' lang='lat' dir='ltr'><strong>suum</strong></span> <span class='ocrx_word' id='word_1_171' title='bbox 694 1992 839 2019; x_wconf 88' lang='lat' dir='ltr'><strong>nomen</strong></span> <span class='ocrx_word' id='word_1_172' title='bbox 869 1991 1030 2032; x_wconf 87' lang='lat' dir='ltr'><strong>semper</strong></span> <span class='ocrx_word' id='word_1_173' title='bbox 1057 1976 1243 2033; x_wconf 89' lang='lat' dir='ltr'><strong>scripsit:</strong></span> <span class='ocrx_word' id='word_1_174' title='bbox 1277 1976 1406 2018; x_wconf 90' lang='lat' dir='ltr'><strong>Caius</strong></span> <span class='ocrx_word' id='word_1_175' title='bbox 1434 1991 1533 2032; x_wconf 84' lang='lat' dir='ltr'><strong>ergo</strong></span> <span class='ocrx_word' id='word_1_176' title='bbox 1554 1975 1740 2032; x_wconf 86' lang='lat' dir='ltr'><strong>Royston</strong></span> 
     </span>
     <span class='ocr_line' id='line_1_25' title="bbox 355 2051 651 2094; baseline -0.003 0"><span class='ocrx_word' id='word_1_177' title='bbox 355 2051 464 2094; x_wconf 88' lang='lat' dir='ltr'><strong>male</strong></span> <span class='ocrx_word' id='word_1_178' title='bbox 483 2052 651 2094; x_wconf 90' lang='lat' dir='ltr'><strong>notavit.</strong></span> 
     </span>
    </p>

    <p class='ocr_par' dir='ltr' id='par_1_6' title="bbox 355 2122 1742 2550">
     <span class='ocr_line' id='line_1_26' title="bbox 410 2122 1741 2180; baseline -0.002 -12"><span class='ocrx_word' id='word_1_179' title='bbox 410 2129 450 2169; x_wconf 86' lang='lat'><strong>6.</strong></span> <span class='ocrx_word' id='word_1_180' title='bbox 482 2125 731 2170; x_wconf 87' lang='lat' dir='ltr'><strong>Edmundus</strong></span> <span class='ocrx_word' id='word_1_181' title='bbox 767 2124 995 2180; x_wconf 88' lang='lat' dir='ltr'><strong>Pierpoint,</strong></span> <span class='ocrx_word' id='word_1_182' title='bbox 1029 2123 1183 2167; x_wconf 89' lang='lat' dir='ltr'><strong>S.T.B.</strong></span> <span class='ocrx_word' id='word_1_183' title='bbox 1217 2123 1351 2165; x_wconf 86' lang='lat' dir='ltr'><strong>socius</strong></span> <span class='ocrx_word' id='word_1_184' title='bbox 1381 2122 1546 2178; x_wconf 87' lang='lat' dir='ltr'><strong>collegii</strong></span> <span class='ocrx_word' id='word_1_185' title='bbox 1583 2122 1741 2167; x_wconf 87' lang='lat' dir='ltr'><strong>Christi</strong></span> 
     </span>
     <span class='ocr_line' id='line_1_27' title="bbox 360 2197 1741 2242; baseline -0.001 -1"><span class='ocrx_word' id='word_1_186' title='bbox 360 2200 491 2242; x_wconf 87' lang='lat'>1548:</span> <span class='ocrx_word' id='word_1_187' title='bbox 528 2199 750 2241; x_wconf 85' lang='lat' dir='ltr'><strong>academiae</strong></span> <span class='ocrx_word' id='word_1_188' title='bbox 772 2215 795 2240; x_wconf 91' lang='lat' dir='ltr'><strong>a</strong></span> <span class='ocrx_word' id='word_1_189' title='bbox 816 2199 1081 2241; x_wconf 88' lang='lat' dir='ltr'><strong>concionibus</strong></span> <span class='ocrx_word' id='word_1_190' title='bbox 1101 2213 1151 2239; x_wconf 86' lang='lat' dir='ltr'><strong>ex</strong></span> <span class='ocrx_word' id='word_1_191' title='bbox 1170 2197 1407 2239; x_wconf 87' lang='lat' dir='ltr'><strong>fundatione</strong></span> <span class='ocrx_word' id='word_1_192' title='bbox 1427 2197 1604 2239; x_wconf 84' lang='lat' dir='ltr'><strong>dominae</strong></span> <span class='ocrx_word' id='word_1_193' title='bbox 1625 2197 1741 2240; x_wconf 82' lang='lat' dir='ltr'><strong>Mar-</strong></span> 
     </span>
     <span class='ocr_line' id='line_1_28' title="bbox 355 2267 1741 2330; baseline -0.003 -14"><span class='ocrx_word' id='word_1_194' title='bbox 355 2279 507 2330; x_wconf 85' lang='lat' dir='ltr'><strong>garetae</strong></span> <span class='ocrx_word' id='word_1_195' title='bbox 532 2274 655 2325; x_wconf 84' lang='lat'>1549,</span> <span class='ocrx_word' id='word_1_196' title='bbox 676 2269 732 2314; x_wconf 68' lang='lat'><strong>5²⁰</strong></span> <span class='ocrx_word' id='word_1_197' title='bbox 752 2272 860 2315; x_wconf 89' lang='lat' dir='ltr'><strong>Edv.</strong></span> <span class='ocrx_word' id='word_1_198' title='bbox 889 2267 938 2315; x_wconf 81' lang='lat' dir='ltr'><strong>6ti</strong></span> <span class='ocrx_word' id='word_1_199' title='bbox 967 2277 1102 2314; x_wconf 90' lang='lat' dir='ltr'><strong>custos</strong></span> <span class='ocrx_word' id='word_1_200' title='bbox 1128 2278 1266 2314; x_wconf 88' lang='lat' dir='ltr'><strong>sextus</strong></span> <span class='ocrx_word' id='word_1_201' title='bbox 1285 2271 1540 2314; x_wconf 81' lang='lat' dir='ltr'><strong>constitutus,</strong></span> <span class='ocrx_word' id='word_1_202' title='bbox 1598 2270 1741 2313; x_wconf 89' lang='lat' dir='ltr'><strong>Dona-</strong></span> 
     </span>
     <span class='ocr_line' id='line_1_29' title="bbox 356 2341 1742 2403; baseline -0.004 -13"><span class='ocrx_word' id='word_1_203' title='bbox 356 2348 507 2390; x_wconf 90' lang='lat' dir='ltr'><strong>tionem</strong></span> <span class='ocrx_word' id='word_1_204' title='bbox 537 2347 776 2403; x_wconf 85' lang='lat' dir='ltr'><strong>praedictam</strong></span> <span class='ocrx_word' id='word_1_205' title='bbox 808 2346 1123 2402; x_wconf 81' lang='lat' dir='ltr'><strong>praedecessoris</strong></span> <span class='ocrx_word' id='word_1_206' title='bbox 1157 2346 1219 2388; x_wconf 90' lang='lat' dir='ltr'><strong>sui</strong></span> <span class='ocrx_word' id='word_1_207' title='bbox 1250 2341 1333 2387; x_wconf 75' lang='lat' dir='ltr'>D¹¹&#39;</span> <span class='ocrx_word' id='word_1_208' title='bbox 1365 2345 1536 2396; x_wconf 67' lang='lat' dir='ltr'><strong>Restm,</strong></span> <span class='ocrx_word' id='word_1_209' title='bbox 1560 2343 1742 2399; x_wconf 77' lang='lat' dir='ltr'><strong>juridice</strong></span> 
     </span>
     <span class='ocr_line' id='line_1_30' title="bbox 357 2417 1741 2474; baseline -0.001 -11"><span class='ocrx_word' id='word_1_210' title='bbox 357 2427 485 2463; x_wconf 88' lang='lat' dir='ltr'><strong>ratam</strong></span> <span class='ocrx_word' id='word_1_211' title='bbox 508 2420 594 2463; x_wconf 83' lang='lat' dir='ltr'><strong>fieri</strong></span> <span class='ocrx_word' id='word_1_212' title='bbox 616 2421 800 2471; x_wconf 84' lang='lat' dir='ltr'><strong>curavit3</strong></span> <span class='ocrx_word' id='word_1_213' title='bbox 850 2420 1143 2463; x_wconf 86' lang='lat' dir='ltr'><strong>bibliothecam</strong></span> <span class='ocrx_word' id='word_1_214' title='bbox 1164 2418 1292 2461; x_wconf 84' lang='lat' dir='ltr'><strong>auxit.</strong></span> <span class='ocrx_word' id='word_1_215' title='bbox 1353 2419 1475 2461; x_wconf 90' lang='lat' dir='ltr'><strong>Anno</strong></span> <span class='ocrx_word' id='word_1_216' title='bbox 1505 2418 1636 2474; x_wconf 88' lang='lat' dir='ltr'><strong>primo</strong></span> <span class='ocrx_word' id='word_1_217' title='bbox 1659 2417 1741 2461; x_wconf 83' lang='lat' dir='ltr'><strong>Re-</strong></span> 
     </span>
     <span class='ocr_line' id='line_1_31' title="bbox 357 2493 1252 2550; baseline -0.003 -13"><span class='ocrx_word' id='word_1_218' title='bbox 357 2495 464 2550; x_wconf 85' lang='lat' dir='ltr'><strong>ginae</strong></span> <span class='ocrx_word' id='word_1_219' title='bbox 484 2493 647 2544; x_wconf 86' lang='lat' dir='ltr'><strong>Mariae,</strong></span> <span class='ocrx_word' id='word_1_220' title='bbox 668 2511 691 2536; x_wconf 88' lang='lat' dir='ltr'><strong>a</strong></span> <span class='ocrx_word' id='word_1_221' title='bbox 713 2493 958 2550; x_wconf 64' lang='lat' dir='ltr'><strong>praefectura</strong></span> <span class='ocrx_word' id='word_1_222' title='bbox 978 2494 1252 2536; x_wconf 85' lang='lat' dir='ltr'><strong>amovebatur.</strong></span> 
     </span>
    </p>

    <p class='ocr_par' dir='ltr' id='par_1_7' title="bbox 355 2563 1744 2915">
     <span class='ocr_line' id='line_1_32' title="bbox 415 2563 1742 2610; baseline -0.003 0"><span class='ocrx_word' id='word_1_223' title='bbox 415 2569 453 2610; x_wconf 89' lang='lat'><strong>7.</strong></span> <span class='ocrx_word' id='word_1_224' title='bbox 487 2568 533 2610; x_wconf 92' lang='lat' dir='ltr'><strong>In</strong></span> <span class='ocrx_word' id='word_1_225' title='bbox 556 2569 691 2609; x_wconf 90' lang='lat' dir='ltr'><strong>locum</strong></span> <span class='ocrx_word' id='word_1_226' title='bbox 711 2566 925 2610; x_wconf 91' lang='lat' dir='ltr'><strong>Edmundi</strong></span> <span class='ocrx_word' id='word_1_227' title='bbox 955 2565 1148 2608; x_wconf 82' lang='lat' dir='ltr'><strong>suffectus</strong></span> <span class='ocrx_word' id='word_1_228' title='bbox 1168 2572 1256 2608; x_wconf 86' lang='lat' dir='ltr'><strong>erat</strong></span> <span class='ocrx_word' id='word_1_229' title='bbox 1274 2565 1454 2608; x_wconf 81' lang='lat' dir='ltr'><strong>Joannes</strong></span> <span class='ocrx_word' id='word_1_230' title='bbox 1477 2564 1618 2607; x_wconf 84' lang='lat' dir='ltr'><strong>Fuller</strong></span> <span class='ocrx_word' id='word_1_231' title='bbox 1637 2563 1742 2607; x_wconf 84' lang='lat' dir='ltr'><strong>Glo-</strong></span> 
     </span>
     <span class='ocr_line' id='line_1_33' title="bbox 355 2637 1743 2692; baseline -0.004 -8"><span class='ocrx_word' id='word_1_232' title='bbox 355 2641 585 2684; x_wconf 89' lang='lat' dir='ltr'><strong>cestriensis</strong></span> <span class='ocrx_word' id='word_1_233' title='bbox 609 2642 705 2684; x_wconf 74' lang='grc' dir='ltr'><strong>1οωο</strong></span> <span class='ocrx_word' id='word_1_234' title='bbox 726 2640 834 2683; x_wconf 88' lang='lat' dir='ltr'><strong>Mar.</strong></span> <span class='ocrx_word' id='word_1_235' title='bbox 859 2639 1312 2692; x_wconf 79' lang='lat' dir='ltr'><strong>1553,Praebendarius</strong></span> <span class='ocrx_word' id='word_1_236' title='bbox 1322 2638 1515 2690; x_wconf 88' lang='lat' dir='ltr'><strong>Eliensis,</strong></span> <span class='ocrx_word' id='word_1_237' title='bbox 1538 2645 1672 2680; x_wconf 88' lang='lat' dir='ltr'><strong>rector</strong></span> <span class='ocrx_word' id='word_1_238' title='bbox 1689 2637 1743 2679; x_wconf 89' lang='lat' dir='ltr'><strong>de</strong></span> 
     </span>
     <span class='ocr_line' id='line_1_34' title="bbox 358 2707 1744 2766; baseline -0.004 -10"><span class='ocrx_word' id='word_1_239' title='bbox 358 2714 508 2756; x_wconf 90' lang='lat' dir='ltr'><strong>Ditton</strong></span> <span class='ocrx_word' id='word_1_240' title='bbox 550 2721 591 2756; x_wconf 91' lang='lat' dir='ltr'><strong>et</strong></span> <span class='ocrx_word' id='word_1_241' title='bbox 624 2713 920 2756; x_wconf 85' lang='lat' dir='ltr'><strong>Heildersham</strong></span> <span class='ocrx_word' id='word_1_242' title='bbox 952 2714 991 2755; x_wconf 95' lang='lat' dir='ltr'><strong>in</strong></span> <span class='ocrx_word' id='word_1_243' title='bbox 1023 2713 1142 2755; x_wconf 91' lang='lat' dir='ltr'><strong>Com.</strong></span> <span class='ocrx_word' id='word_1_244' title='bbox 1168 2713 1307 2763; x_wconf 89' lang='lat' dir='ltr'><strong>Cant.,</strong></span> <span class='ocrx_word' id='word_1_245' title='bbox 1340 2711 1515 2754; x_wconf 85' lang='lat' dir='ltr'><strong>vicarius</strong></span> <span class='ocrx_word' id='word_1_246' title='bbox 1544 2707 1744 2766; x_wconf 85' lang='lat' dir='ltr'><strong>generalis</strong></span> 
     </span>
     <span class='ocr_line' id='line_1_35' title="bbox 359 2783 1741 2843; baseline -0.004 -12"><span class='ocrx_word' id='word_1_247' title='bbox 359 2788 533 2831; x_wconf 81' lang='lat' dir='ltr'><strong>Thomae</strong></span> <span class='ocrx_word' id='word_1_248' title='bbox 574 2787 751 2843; x_wconf 87' lang='lat' dir='ltr'><strong>Thirlby</strong></span> <span class='ocrx_word' id='word_1_249' title='bbox 792 2787 975 2843; x_wconf 90' lang='lat' dir='ltr'><strong>episcopi</strong></span> <span class='ocrx_word' id='word_1_250' title='bbox 1019 2786 1207 2837; x_wconf 85' lang='lat' dir='ltr'><strong>Eliensis,</strong></span> <span class='ocrx_word' id='word_1_251' title='bbox 1242 2791 1378 2827; x_wconf 88' lang='lat' dir='ltr'><strong>custos</strong></span> <span class='ocrx_word' id='word_1_252' title='bbox 1412 2791 1453 2827; x_wconf 89' lang='lat' dir='ltr'><strong>et</strong></span> <span class='ocrx_word' id='word_1_253' title='bbox 1494 2783 1741 2827; x_wconf 81' lang='lat' dir='ltr'><strong>benefactor.</strong></span> 
     </span>
     <span class='ocr_line' id='line_1_36' title="bbox 361 2856 1742 2915; baseline -0.003 -12"><span class='ocrx_word' id='word_1_254' title='bbox 361 2863 548 2910; x_wconf 85' lang='lat' dir='ltr'><strong>Quatuor</strong></span> <span class='ocrx_word' id='word_1_255' title='bbox 558 2862 665 2904; x_wconf 90' lang='lat' dir='ltr'><strong>enim</strong></span> <span class='ocrx_word' id='word_1_256' title='bbox 679 2860 870 2903; x_wconf 74' lang='lat' dir='ltr'><strong>sodalitia</strong></span> <span class='ocrx_word' id='word_1_257' title='bbox 885 2859 1085 2910; x_wconf 83' lang='lat' dir='ltr'><strong>fundavit,</strong></span> <span class='ocrx_word' id='word_1_258' title='bbox 1102 2874 1222 2915; x_wconf 88' lang='lat' dir='ltr'><strong>super</strong></span> <span class='ocrx_word' id='word_1_259' title='bbox 1234 2859 1456 2901; x_wconf 85' lang='lat' dir='ltr'><strong>manerium</strong></span> <span class='ocrx_word' id='word_1_260' title='bbox 1477 2858 1529 2901; x_wconf 90' lang='lat' dir='ltr'><strong>de</strong></span> <span class='ocrx_word' id='word_1_261' title='bbox 1544 2856 1742 2913; x_wconf 83' lang='lat' dir='ltr'><strong>Gravely,</strong></span> 
     </span>
    </p>
   </div>
  </div>
 </body>
</html>
