1936 3224
307 213 356 254 10
889 228 1091 256 msromA

300 335 434 379 forsan
452 336 668 379 arctissimi
690 335 800 379 illius
813 336 919 379 inter
935 335 1084 379 Gallos
1095 338 1325 394 Scotosque
1339 339 1509 383 foederis
1522 340 1576 384 ab
1588 340 1690 398 ipsis

301 410 453 452 Achaii
473 415 516 452 et
530 410 670 454 Caroli
684 409 832 466 Magni
846 411 1102 466 temporibus
1115 411 1221 463 initi,
1241 413 1436 456 memoria
1456 413 1607 457 suasit:
1624 414 1692 458 vel

299 484 414 540 quod
434 485 574 541 potius
599 484 844 527 crediderim
874 484 932 539 (si
958 486 1204 539 conjecturae
1223 493 1372 530 nostrae
1392 489 1507 530 locus
1525 488 1595 540 sit,
1615 487 1692 531 ubi

299 559 517 615 scriptores
537 573 676 601 omnes
694 573 860 614 prorsus
882 562 1054 612 tacent),
1075 557 1206 602 Male.
1233 559 1357 614 hujus
1378 561 1530 617 reginae
1551 575 1691 605 amore

299 642 385 677 tum
407 635 584 691 primum
604 633 776 689 flagrare
801 632 947 688 coepit,
969 647 1062 674 cum
1090 632 1133 675 in
1158 632 1299 678 Gallis
1318 636 1423 690 (quo
1448 650 1543 678 cum
1567 635 1689 679 Hen-

299 709 385 751 rico
406 710 470 750 2d⁰
490 708 695 765 proficisci
726 709 959 762 cogeretur)
981 709 1070 761 ejus
1097 706 1203 750 fama
1230 722 1348 750 aures
1379 709 1571 765 utrinque
1601 723 1688 752 ver—

300 782 473 834 beravit,
503 782 765 836 animumque
794 780 849 822 ad
869 779 1110 835 religionem
1132 781 1234 823 mire
1254 796 1504 838 propensum
1531 782 1692 827 fortiter

299 856 559 912 pertentavit.
615 855 803 910 Dignum
832 869 928 896 sane
957 855 1020 896 sui
1042 855 1217 897 nominis
1239 855 1436 899 cultorem
1457 856 1610 914 adepta
1629 863 1691 902 est

300 929 411 973 Rad.
434 930 720 980 Malcolmum,
751 927 1000 971 Malcolmus
1033 943 1198 984 quoque
1228 929 1397 985 dignam
1432 931 1600 974 sortitus
1626 938 1690 975 est

300 1019 425 1060 quam
444 1018 598 1060 pronus
618 1009 876 1046 veneraretur
890 1002 1115 1045 sanctulam
1130 1002 1477 1059 Rhadegundam.
1512 1004 1690 1048 Malcol-

299 1093 391 1120 mus
419 1092 493 1119 rex
521 1083 623 1128 erat,
653 1082 696 1119 et
724 1082 835 1118 recte
859 1076 1028 1132 quidem
1061 1091 1198 1118 amore
1223 1076 1333 1120 Rad.
1361 1078 1514 1133 reginae
1545 1078 1690 1132 ardet;

299 1165 372 1194 rex
406 1157 508 1203 erat,
557 1151 630 1194 sed
670 1149 788 1193 Guil.
826 1149 1032 1205 Neubrig.
1069 1150 1244 1201 dicente,
1274 1150 1301 1192 l.
1344 1151 1372 1194 i.
1403 1167 1438 1194 c.
1476 1152 1545 1195 25.
1585 1153 1691 1196 inter

300 1224 457 1268 aulicos
486 1224 606 1280 plane
637 1224 872 1276 monachus,
906 1224 1088 1280 reginam
1119 1225 1262 1280 utique
1296 1225 1536 1269 monacham
1573 1225 1686 1269 colit.

300 1299 412 1342 Haec
446 1299 635 1342 Lotharii
671 1298 802 1355 Regis
834 1299 1048 1354 amplexus
1078 1299 1251 1354 respuit,
1283 1304 1456 1343 testante
1485 1299 1693 1351 Baronio;

300 1371 388 1425 ille,
424 1372 571 1415 eodem
621 1372 785 1415 dicente
825 1372 943 1415 Guil.
995 1372 1218 1428 Neubrig„
1268 1373 1499 1416 Heroinam
1536 1373 1686 1417 lectiss.

299 1446 481 1502 puellam
497 1463 521 1488 a
535 1453 667 1489 matre
677 1449 750 1488 sua
765 1445 873 1489 lecto
885 1445 1108 1498 admotam,
1123 1446 1317 1489 intactam
1328 1446 1448 1502 fugit.
1479 1445 1688 1503 Denique,

301 1527 347 1563 ut
374 1520 490 1577 paria
530 1520 599 1563 hic
629 1520 764 1563 omnia
793 1519 1025 1572 videantur,
1064 1519 1174 1563 Rad.
1217 1535 1320 1563 uxor
1358 1519 1454 1563 licet
1484 1520 1688 1572 Lotharii,

301 1595 418 1651 virgo
440 1601 573 1637 tamen
595 1595 694 1641 fuit;
715 1593 846 1638 Malc.
865 1609 1031 1650 quoque
1046 1594 1099 1638 ab
1116 1594 1387 1637 abhorrendis
1402 1594 1556 1651 nuptiis
1573 1595 1690 1651 virgo

301 1669 570 1712 communiter
609 1668 746 1712 dictus
783 1675 883 1712 erat.
939 1667 1178 1724 Dempster.
1219 1668 1335 1711 Hist.
1371 1668 1397 1711 l.
1445 1668 1508 1711 12.
1568 1667 1690 1712 Illam

301 1742 521 1799 scriptores
557 1742 714 1785 Gallici
747 1742 852 1784 inter
885 1756 971 1783 suae
1003 1742 1136 1798 gentis
1170 1741 1387 1790 sanctulas‚
1427 1742 1538 1785 hunc
1573 1742 1689 1787 Sooti

300 1817 406 1860 inter
425 1817 543 1859 divos
562 1816 735 1872 gentiles
755 1822 981 1858 numerant.
1039 1815 1153 1858 Illud
1174 1823 1311 1858 autem
1337 1815 1499 1870 judicio
1526 1816 1690 1860 lectoris

300 1890 509 1946 permitto,
530 1906 580 1932 an
601 1889 672 1932 illa
692 1890 798 1932 inter
818 1889 948 1942 Deas,
969 1905 1020 1932 an
1040 1890 1109 1932 hic
1131 1890 1236 1933 inter
1257 1889 1392 1932 Divos
1410 1889 1690 1934 Romanenses

301 1963 442 2006 referri
462 1963 593 2019 magis
613 1964 771 2006 meruit.

359 2037 451 2079 Nos
485 2043 619 2080 autem
653 2037 707 2079 de
737 2042 827 2080 ortu
868 2037 992 2091 hujus
1025 2035 1239 2079 Prioratus
1272 2051 1348 2092 per
1381 2037 1509 2080 Male.
1548 2052 1688 2094 regem

300 2112 480 2164 fundati,
516 2118 559 2154 et
591 2111 700 2154 Rad.
738 2111 888 2167 reginae
925 2111 1069 2162 dicati,
1109 2111 1203 2167 plus
1239 2111 1337 2154 satis
1372 2111 1564 2154 diximus.
1619 2111 1689 2155 De

299 2186 486 2241 ejusdem
517 2186 782 2237 incremento,
814 2184 867 2226 de
897 2184 1251 2236 Benefactoribus,
1274 2185 1350 2227 viz.
1374 2185 1446 2240 qui
1477 2185 1523 2228 S.
1547 2185 1687 2228 Rhad.

299 2259 573 2317 professiones
592 2259 676 2302 suis
691 2259 856 2315 insuper
875 2259 1162 2315 largitionibus
1182 2263 1398 2312 auxerunt,
1414 2274 1537 2315 porro
1548 2259 1688 2302 dicen-

300 2334 413 2377 dum.

359 2407 496 2464 Regia
514 2413 603 2449 erat
621 2406 743 2463 plane
762 2406 952 2449 fundatio
973 2405 1136 2448 Domus
1158 2407 1203 2449 S.
1227 2405 1357 2459 Rad.,
1373 2406 1502 2462 regali
1522 2407 1688 2462 insuper

301 2481 577 2524 munificentia
605 2485 741 2532 aucta,
774 2480 1035 2536 Episcopali,
1069 2479 1445 2536 Archiepiscopali,
1475 2485 1516 2522 et
1545 2478 1687 2523 Ponti-

302 2555 394 2597 ficia
415 2555 663 2598 authoritate
682 2554 760 2596 fuit
780 2554 975 2597 stabilita.

360 2629 570 2674 Henricus
605 2627 689 2671 3ιίιω
722 2627 846 2683 Angl.
890 2627 999 2679 Rex,
1041 2627 1247 2683 quandam
1289 2634 1406 2670 terrae
1442 2627 1686 2683 portionem,

300 2704 405 2746 intra
444 2703 668 2759 prioratum
709 2709 751 2744 et
798 2702 994 2744 fossatum
1034 2701 1215 2757 Regium
1264 2704 1397 2752 sitam,
1443 2700 1687 2743 monialibus

300 2777 472 2833 largitus
491 2782 564 2819 est.
640 2776 749 2819 Edv.
771 2777 859 2818 3““8
880 2775 1085 2818 licentiam
1106 2774 1278 2818 indulsit
1298 2775 1476 2832 ponendi
1499 2781 1624 2818 terras
1645 2774 1684 2816 in

301 2865 464 2892 manum
510 2855 725 2901 mortuam,
763 2849 802 2891 in
838 2864 933 2891 usus
969 2849 1220 2900 monialium,
1254 2848 1305 2890 ad
1349 2847 1524 2890 valorem
1560 2863 1622 2889 an.
1659 2849 1685 2888 5

302 2923 392 2974 lib.;
426 2923 632 2965 Ricardus
655 2924 734 2965 2⁶⁰⁵
756 2922 808 2964 ad
832 2921 1006 2963 valorem
1039 2922 1085 2963 10
1107 2921 1177 2963 lib.
