1936 3224
623 217 827 247 commu
857 217 956 246 msu
987 215 1312 245 CANTABRIGIAE.
1641 199 1668 239 5

326 329 483 372 Verum
531 342 767 384 quanquam
815 327 1062 370 Caenobium
1112 326 1157 369 S.
1195 324 1306 367 Rad.
1349 339 1423 380 per
1467 321 1598 366 Male.
1640 322 1668 363 4

269 418 349 446 non
377 418 482 446 anno
506 402 614 443 1133
640 400 856 442 fundatum
884 399 1026 451 fuisse,
1056 405 1198 441 contra
1226 398 1440 440 Fullerum
1470 397 1669 439 hactenus

269 477 391 534 plane
430 475 810 525 demonstravimus,
861 473 966 516 illud
1008 480 1143 516 tamen
1189 488 1267 514 non
1310 478 1372 514 est
1407 470 1669 514 dissimulan-

270 551 368 594 dum
419 550 553 606 (quod
605 549 740 591 forsan
794 548 1007 592 Fullerum
1061 546 1228 602 fefellit)
1283 546 1396 602 quod
1452 545 1561 587 circa
1601 559 1666 586 an.

270 624 442 676 dictum,
472 624 642 667 fortasse
668 631 708 666 et
735 628 830 666 ante
855 622 972 665 illum
1000 636 1165 672 annum,
1197 627 1285 662 erat
1305 620 1452 662 domus
1473 617 1666 675 quaedam

269 697 460 754 religiosa
484 697 708 740 velatarum
738 697 956 752 virginum,
983 696 1106 738 etiam
1127 696 1208 737 hoc
1232 695 1323 751 ipso
1344 695 1384 736 in
1406 693 1498 735 loco
1519 692 1668 749 posita.

270 773 399 824 Quod
434 773 603 829 quidem
638 773 736 815 licet
768 788 904 823 nemo,
941 770 1056 827 quod
1097 770 1238 821 sciam,
1270 769 1468 811 hactenus
1497 767 1669 818 notavit,

271 848 331 902 (in
352 848 431 890 hac
460 848 567 890 enim
600 846 788 890 Historia
815 845 1130 897 conscribenda,
1160 845 1267 887 viam
1295 858 1461 900 prorsus
1489 843 1670 885 intritam

272 921 497 977 calcamus)
518 921 623 964 illud
641 928 775 964 tamen
797 937 848 963 ex
871 922 980 964 Coll.
1004 920 1200 963 Archivis
1221 919 1358 976 palam
1380 918 1540 960 faciam.

328 995 536 1052 Imprimis
564 995 661 1037 huic
691 995 876 1051 opinioni
899 995 1022 1037 fidem
1054 994 1224 1045 faciunt,
1256 993 1392 1035 omnia
1414 992 1485 1034 illa
1517 1006 1609 1045 quae
1630 991 1670 1033 in

273 1069 381 1113 Coll.
414 1069 610 1113 Archivis
639 1069 826 1112 visuntur
847 1071 866 1116 (
868 1084 960 1110 sans
986 1068 1103 1124 date)
1135 1067 1356 1110 vetustiora
1388 1067 1671 1117 instrumenta,

271 1143 313 1186 in
344 1144 496 1200 quibus
526 1144 611 1186 sola
639 1143 683 1186 fit
708 1144 862 1186 mentio
886 1141 1271 1186 sanctimonialium
1294 1142 1347 1184 de
1369 1141 1672 1196 Grantbridge.

274 1218 409 1261 Etiam
427 1226 469 1261 et
489 1218 575 1270 illa,
595 1218 637 1260 in
659 1218 811 1274 quibus
828 1218 981 1260 mentio
999 1217 1044 1260 fit
1059 1216 1296 1260 monialium
1314 1216 1367 1258 de
1383 1214 1673 1269 Grantbridge

268 1293 389 1347 juxta
417 1292 680 1336 Greencroft.
736 1292 987 1335 Greencroft
1017 1299 1154 1334 autem
1185 1291 1366 1333 continet
1399 1295 1526 1333 totam
1560 1288 1673 1331 illam

274 1373 439 1418 terram,
460 1379 554 1421 quae
577 1364 683 1407 intra
699 1363 872 1406 confinia
896 1362 1079 1418 Collegii
1100 1369 1142 1405 et
1161 1361 1331 1404 fluvium
1353 1361 1489 1404 Cham
1516 1362 1674 1404 dictum

273 1439 328 1483 ad
344 1454 511 1496 gregem
529 1439 787 1495 oppidanum
802 1438 845 1481 in
862 1438 1067 1480 communi
1087 1436 1357 1494 pascendum,
1380 1435 1612 1490 interjacet,
1634 1442 1676 1478 et

273 1531 297 1557 a
336 1513 436 1557 villa
477 1515 597 1556 Cant.
640 1528 780 1555 versus
819 1512 1076 1555 occidentem
1119 1525 1249 1566 usque
1288 1510 1343 1552 ad
1374 1508 1675 1552 Monasterium

272 1587 576 1632 Barnwellense
596 1602 736 1629 versus
757 1586 990 1637 Orientem,
1012 1586 1089 1628 sub
1111 1585 1290 1627 fluminis
1324 1585 1457 1640 ripam
1491 1583 1677 1638 undique

274 1662 539 1717 diffunditur)
580 1661 693 1703 nulla
731 1661 898 1717 insuper
936 1661 976 1702 in
1020 1660 1145 1702 dictis
1185 1658 1461 1701 instrumentis
1510 1657 1676 1711 adjecta

274 1738 479 1780 mentione
510 1736 751 1778 monialium
780 1737 823 1779 S.
848 1735 977 1783 Rad.‚
1006 1736 1119 1790 quod
1144 1735 1266 1791 plane
1288 1735 1527 1777 addendum
1555 1734 1675 1785 foret,

275 1812 309 1854 si
364 1811 561 1854 moniales
610 1817 707 1854 tunc
757 1812 954 1867 temporis
1003 1810 1276 1853 Professionis
1327 1809 1676 1865 Rhadegundinae

273 1887 459 1930 fuissent.
520 1886 651 1930 Porro
681 1887 776 1929 duae
811 1887 894 1930 illae
921 1894 1044 1929 cartae
1080 1887 1269 1943 superius
1300 1893 1551 1936 memoratae,
1583 1899 1677 1940 quae

276 1961 406 2004 Malo.
430 1962 690 2004 donationem
709 1962 988 2012 continebant,
1012 1962 1121 2004 idem
1145 1962 1265 2017 plane
1286 1960 1453 2002 inuuere
1474 1959 1676 2002 videntur.

276 2035 417 2078 Prima
435 2037 542 2078 enim
564 2042 676 2078 carta
698 2035 799 2078 dicti
823 2036 955 2092 Regis
976 2036 1017 2078 in
1041 2036 1148 2078 hanc
1170 2035 1340 2076 formam
1361 2034 1500 2076 currit.

333 2109 586 2152 Malcolmus
608 2109 662 2152 R.
681 2109 834 2152 Sciatis
867 2124 933 2150 me
963 2109 1128 2150 dedisse
1157 2107 1251 2150 Deo
1277 2115 1319 2150 et
1348 2107 1596 2150 monialibus
1626 2107 1680 2149 de

277 2182 565 2238 Grantbridge
601 2183 652 2225 lo
674 2198 789 2225 acras
820 2190 940 2225 terrae
968 2182 1090 2236 juxta
1125 2182 1392 2233 Greencrot't,
1423 2181 1477 2223 ad
1506 2181 1680 2223 fundan-

278 2258 373 2300 dam
418 2256 652 2300 Ecclesiam
713 2273 828 2299 suam
871 2256 1214 2299 Conventualem.
1301 2255 1493 2298 Secunda
1543 2262 1680 2297 autem

277 2331 463 2384 ejusdem
502 2330 633 2374 Malo.
669 2338 781 2373 carta
821 2331 928 2387 stylo
962 2331 1085 2387 plane
1121 2346 1226 2372 novo
1257 2330 1360 2373 fluit.
1430 2329 1682 2372 Malcolmus

279 2403 332 2447 R.
357 2405 508 2448 Sciatis
548 2419 614 2446 me
655 2405 821 2447 dedisse
873 2404 969 2447 Deo
1010 2411 1052 2447 et
1088 2404 1291 2447 Ecclesiae
1335 2406 1378 2448 S.
1415 2404 1565 2446 Mariae
1586 2404 1682 2447 Vir-

279 2477 385 2533 ginis
415 2485 457 2522 et
495 2480 537 2522 S.
559 2478 883 2534 Rhadegmdis,
915 2485 956 2520 et
987 2478 1369 2521 sanctimonialibus
1402 2478 1494 2520 Deo
1525 2478 1683 2520 ibidem

280 2552 549 2595 servientibus
589 2553 734 2595 decem
783 2568 898 2595 acras
944 2560 1063 2595 terrae
1111 2554 1232 2607 juxta
1273 2551 1533 2594 Greencroft.
1613 2551 1683 2594 Ex

281 2626 432 2682 quibus
462 2628 566 2669 inter
597 2643 639 2669 se
682 2626 843 2669 collatis
874 2626 977 2668 illud
1009 2627 1174 2669 videtur
1203 2626 1414 2678 insinuari,
1445 2625 1560 2681 quod
1590 2631 1683 2668 ante

280 2704 455 2761 primam
506 2705 634 2748 Malc.
677 2712 829 2747 cartam
871 2710 986 2746 erant
1029 2705 1227 2747 moniales
1272 2706 1393 2759 juxta
1434 2705 1684 2747 Greencroft

282 2785 596 2830 commorantes,
627 2779 751 2834 vulgo
782 2778 907 2820 dictae
930 2779 1272 2822 Sanctimoniales
1303 2779 1356 2821 de
1384 2778 1684 2833 Grantbridge,

283 2866 423 2894 verum
456 2852 643 2895 Ecclesia
675 2852 948 2895 Conventuali
981 2853 1203 2896 destitutae.
1265 2853 1366 2902 Qua
1396 2853 1561 2894 demum
1602 2852 1687 2894 Ec-
