1962 3360
621 309 825 337 comazon
856 308 955 337 Jnsu
985 305 1314 335 CANTABmmAE.
1640 292 1667 331 3

264 419 390 462 fuisse
403 419 567 461 disertis
585 418 720 461 verbis
730 418 875 461 scribit
890 435 900 470 ;
920 432 1058 460 verum
1072 417 1133 459 vir
1150 422 1359 472 utcunque
1377 416 1481 458 bene
1503 413 1665 465 doctus,

265 493 484 536 historicus
505 499 640 535 tamen
662 499 707 534 ut
727 498 814 535 erat
843 493 966 549 plane
990 491 1209 548 rapsodus,
1236 491 1307 533 hic
1337 505 1471 533 crasse
1500 489 1664 531 erravit.

267 566 535 610 Malcolmum
557 568 664 610 enim
692 568 735 619 4,
756 583 835 609 non
864 575 957 609 ante
987 582 1135 609 annum
1164 566 1274 608 1154
1303 579 1471 620 regnare
1493 563 1665 619 caepisse

265 647 463 684 testantur
482 642 716 698 Scriptores
738 642 863 697 Angl.
884 641 1111 696 Holingsh.
1134 656 1174 696 p.
1193 641 1288 691 185,
1304 646 1346 682 et
1362 639 1472 681 Rad.
1490 637 1664 688 Brokes,

265 731 305 771 p.
328 716 427 768 255,
442 716 703 771 eundemque
729 716 881 758 obiisse
903 731 966 757 an.
997 715 1121 766 1165,
1140 715 1246 756 inter
1265 714 1437 756 Latinos
1467 717 1667 755 testantur

264 789 535 846 P.Virgilius,
558 790 585 834 l.
614 792 679 842 13,
696 796 738 832 et
757 789 867 845 Rog.
883 789 1106 839 Hoveden,
1130 804 1169 844 p.
1194 788 1293 839 282,
1321 788 1393 843 qui
1414 788 1537 829 etiam
1561 786 1666 828 duos

265 871 459 916 cometas,
495 865 598 907 tanti
628 864 827 920 principis
863 864 999 907 obitas
1030 863 1287 919 prodromos,
1320 878 1369 904 eo
1400 878 1504 903 anno
1536 876 1664 917 appa-

266 939 394 981 ruisse
413 945 565 981 narrat.
628 939 713 981 His
733 953 900 994 quoqne
923 938 1028 980 inter
1046 938 1194 980 Scotos
1217 936 1572 979 succenturiantur
1591 935 1620 977 J
1624 950 1662 977 o.

265 1011 424 1068 Major,
456 1013 483 1055 l.
516 1014 560 1064 4,
592 1027 682 1068 cap.
716 1014 758 1064 4,
804 1019 845 1054 et
870 1012 1162 1062 Buchananus‚
1200 1011 1273 1054 lib.
1312 1013 1353 1063 7,
1389 1011 1461 1066 qui
1496 1011 1664 1065 insuper

265 1085 385 1127 addit
404 1085 676 1128 Malcolmum
696 1088 752 1127 25
778 1087 912 1128 aetatis
944 1101 1049 1128 anno
1081 1086 1174 1141 (qni
1198 1093 1305 1127 retro
1326 1083 1598 1134 numerando,
1622 1082 1662 1124 in

265 1173 330 1202 an.
352 1159 524 1202 Domini
548 1160 658 1203 1140
678 1161 844 1216 incidit)
868 1161 978 1203 diem
999 1161 1162 1203 obiisse.

324 1232 527 1288 Quisquis
552 1249 648 1276 sane
673 1235 810 1278 Math.
838 1234 905 1276 vel
919 1234 1148 1276 Westmon.
1177 1233 1241 1275 vel
1266 1232 1401 1283 Paris,
1423 1232 1532 1275 Tho.
1548 1230 1667 1272 Wal-

266 1306 468 1362 singham,
485 1307 597 1350 Rad.
620 1309 671 1350 de
694 1307 863 1360 Diceto,
882 1307 910 1350 J
913 1307 1116 1350 ohannem
1136 1307 1188 1349 de
1210 1307 1457 1363 Brompton,
1480 1305 1666 1360 aliosque

265 1379 436 1422 istorum
452 1386 684 1438 temporum
710 1381 930 1437 scriptores
953 1380 1206 1436 antiquiores
1231 1387 1273 1422 et
1287 1380 1546 1436 probatiores
1567 1394 1663 1421 con-

266 1454 424 1506 sulerit,
446 1455 480 1497 is
499 1455 621 1498 facile
642 1455 928 1512 deprehendet
958 1471 1028 1498 eos
1060 1455 1198 1497 omnia
1222 1460 1337 1510 gesta
1367 1453 1584 1496 Malcolmi
1619 1453 1662 1495 4.

266 1527 309 1570 in
326 1529 440 1571 istud
460 1531 657 1586 temporis
677 1529 950 1582 intervallum,
968 1529 1081 1585 quod
1099 1529 1151 1571 ab
1172 1545 1235 1573 an.
1256 1529 1363 1571 1154
1385 1528 1437 1570 ad
1455 1543 1518 1569 an.
1541 1527 1664 1578 1165,

266 1601 459 1644 continuo
481 1603 678 1655 decurrit,
700 1619 781 1645 uno
802 1619 872 1646 ore
894 1604 1049 1660 pariter
1067 1603 1249 1658 rejicere.
1314 1603 1408 1643 Hos
1429 1607 1567 1643 autem
1586 1615 1664 1655 ego

265 1691 407 1719 omnes
419 1692 469 1720 eo
483 1677 730 1720 cumulatius
741 1677 909 1734 appello
927 1683 1067 1729 testes,
1081 1677 1191 1719 omni
1212 1675 1455 1732 exceptione
1476 1675 1665 1729 majores,

266 1764 350 1805 quo
370 1750 533 1794 facilius
554 1751 767 1794 Funerum
787 1752 912 1806 hujus
937 1752 1086 1793 erroris
1110 1751 1190 1792 hac
1210 1750 1252 1792 in
1274 1755 1390 1806 parte
1412 1747 1663 1790 convincam.

267 1824 314 1867 Si
329 1825 436 1868 enim
452 1825 703 1868 Malcolmus
723 1827 751 1868 4
770 1841 851 1868 non
871 1834 964 1868 ante
985 1825 1166 1867 an.ll54
1183 1839 1354 1880 regnare
1375 1822 1522 1878 coepit,
1540 1823 1664 1863 etiam

265 1912 340 1939 nec
361 1913 426 1940 an.
450 1899 558 1941 1140
578 1905 697 1942 natus
718 1900 855 1952 fuerit,
877 1900 947 1942 dic
966 1900 1088 1942 sodes
1108 1901 1164 1941 mi
1181 1898 1368 1955 lepidiss.
1387 1897 1569 1948 Fullere,
1591 1895 1663 1951 qui

264 1973 498 2017 Prioratum
536 1976 579 2018 S.
613 1975 753 2018 Rhad.
786 1991 850 2018 an.
877 1976 986 2018 1133
1009 1974 1253 2018 condiderit.
1316 1973 1385 2016 Ex
1407 1973 1530 2014 dictis
1551 1986 1664 2026 ergo,

266 2048 372 2090 intra
394 2064 458 2092 an.
495 2049 604 2092 1154
634 2055 675 2091 et
704 2050 812 2091 1165
842 2064 916 2106 per
939 2048 1153 2091 Malcolm.
1182 2048 1392 2090 conditum
1425 2046 1550 2088 fuisse
1572 2061 1667 2088 con-

266 2129 360 2176 stat,
381 2124 434 2166 de
459 2125 550 2181 ipso
575 2132 712 2168 autem
737 2125 988 2168 fundationis
1014 2141 1118 2168 anno
1140 2125 1313 2182 praecise
1332 2122 1542 2179 loquendo
1563 2121 1665 2164 nihil

266 2204 437 2243 constat.

323 2271 620 2315 Buchananum
649 2274 683 2316 si
712 2274 942 2326 audiamus,
963 2273 1216 2316 Malcolmus
1238 2281 1374 2316 noster
1400 2272 1563 2328 juvenis
1592 2271 1665 2313 ad-

266 2346 433 2388 modum
455 2347 518 2389 vir
537 2362 708 2403 regnare
729 2349 875 2404 coepit,
897 2354 938 2391 et
958 2349 1077 2404 regni
1100 2349 1163 2391 sui
1185 2348 1302 2391 initio
1329 2348 1469 2390 arduis
1489 2346 1666 2401 negotiis

266 2421 394 2474 domi,
417 2422 497 2466 viZ.
515 2423 911 2476 seditionibus,foris
931 2424 1052 2467 bellis
1072 2423 1300 2480 implicitus
1319 2423 1413 2474 fuit,
1431 2438 1514 2478 quo
1531 2422 1664 2463 minus

266 2495 431 2550 negotio
460 2496 694 2552 Religionis
719 2499 1000 2554 promovendo
1027 2498 1166 2541 statim
1190 2504 1363 2540 vacaret.
1428 2496 1536 2539 Cum
1558 2498 1665 2537 enim

267 2568 410 2612 David
425 2569 555 2614 Male.
573 2587 688 2623 avus,
713 2572 826 2614 velut
846 2572 917 2614 alii
938 2571 1094 2624 volunt,
1119 2572 1331 2615 Henricus
1351 2571 1440 2625 ejus
1460 2577 1592 2626 pater,
1624 2575 1666 2611 et

265 2650 359 2698 post
387 2643 503 2685 illum
536 2643 666 2687 Male.
698 2660 836 2687 comes
865 2651 954 2687 erat
981 2645 1187 2701 Hunting.
1221 2645 1344 2687 etiam
1375 2650 1417 2686 et
1449 2643 1665 2694 Cantabr.,

267 2715 430 2758 dicente
453 2716 635 2760 Seldeno
662 2717 748 2760 Tit.
772 2718 884 2760 Hon.
918 2734 958 2774 p.
982 2719 1082 2769 650,
1114 2718 1191 2760 sub
1211 2718 1291 2760 hoc
1312 2717 1449 2769 titulo,
1473 2717 1662 2759 Henrico

267 2790 345 2832 2⁶⁰.
366 2789 492 2845 Angl.
510 2791 598 2846 regi
620 2799 816 2847 tanquam
839 2791 1006 2834 domino
1028 2806 1102 2833 suo
1120 2791 1221 2846 ligio
1242 2791 1482 2847 homagium
1505 2791 1668 2843 debuit,

268 2864 379 2917 quod
409 2864 531 2907 etiam
560 2872 602 2908 et
630 2866 839 2922 praestitit,
870 2881 950 2908 non
981 2866 1116 2909 verbis
1146 2866 1271 2908 modo
1291 2866 1365 2908 sed
1386 2881 1544 2922 reapse,
1567 2866 1666 2908 dum

269 2938 451 2980 Henrico
488 2939 527 2981 in
564 2940 829 2996 expeditione
874 2939 1110 2983 Tholosana
1143 2941 1336 2983 comitem
1378 2956 1420 2982 se
1463 2941 1665 2995 adjunxit.

1326 3029 1352 3056 Β
1380 3016 1407 3055 2
