1936 3224
582 212 784 243 COLLEGII
813 212 911 241 JESU
942 212 1268 242 CANTABRIGIAE.
1578 202 1628 242 15

285 323 498 367 Prioratus
542 324 586 366 S.
621 324 728 365 Rad.
760 323 976 365 constabat
1019 337 1071 365 ex
1114 323 1316 367 priorissa
1357 330 1398 367 et
1432 325 1627 368 undecim

229 399 477 444 monialibus
512 413 565 441 ex
603 398 922 454 congregatione
962 398 1078 453 nigra
1119 398 1275 441 ordinis
1313 399 1357 442 S.
1394 399 1625 443 Benedicti.

230 474 351 518 Ordo
376 473 594 517 Benedict.
627 473 732 515 inter
761 472 975 528 religiosos
1000 472 1099 514 satis
1125 473 1317 526 celebris,
1345 474 1464 530 nigra
1489 481 1626 518 autem

230 546 509 604 congregatiO,
533 547 638 589 inter
654 546 819 603 Anglos
840 546 973 603 primo
993 546 1158 589 inventa
1178 553 1256 599 est,
1272 553 1314 589 et
1334 548 1375 590 in
1397 548 1512 591 illum
1535 549 1627 604 qui-

230 622 325 664 dem
354 622 490 672 finem,
520 628 565 664 ut
589 622 708 676 nigro
734 621 908 663 vestium
935 620 1072 663 colore
1098 621 1288 663 monachi
1320 622 1381 664 vel
1412 624 1627 666 monachae

231 697 525 748 Romanenses,
584 695 847 738 traditionem
898 697 1017 738 Rom.
1068 695 1271 738 Ecclesiae
1321 696 1362 738 in
1412 696 1628 741 Paschalis

229 769 504 813 celebratione
534 770 697 826 rituque
728 775 901 812 tonsurae
934 784 1007 825 per
1035 769 1171 812 omnia
1198 776 1429 826 sequentes,
1472 772 1628 828 seipsos

231 850 425 900 tanquam
447 844 634 900 symbolo
654 843 998 895 discriminarent‚
1028 860 1052 886 a
1082 843 1294 886 monachis
1315 850 1357 886 et
1378 845 1628 889 monialibus

230 918 447 961 Britonum
469 925 510 962 et
531 919 765 970 Scotorum,
797 918 870 974 qui
900 934 923 960 a
954 918 1101 960 ritibus
1130 918 1344 974 praedictis
1371 920 1626 973 recedentes,

231 999 343 1036 veste
364 993 648 1036 subalbicante
669 993 903 1036 utebantur.
967 994 1146 1049 Reyner.
1167 993 1283 1036 Hist.
1306 1009 1347 1050 p.
1371 996 1439 1037 36.

289 1067 358 1111 Ex
388 1068 466 1110 hac
495 1074 631 1110 autem
659 1068 779 1123 nigra
808 1068 1125 1123 congregatione
1164 1067 1380 1112 Benedict.
1424 1069 1628 1125 professas

230 1143 356 1187 fuisse
377 1142 598 1186 Priorissas
617 1149 659 1186 et
679 1143 879 1185 moniales
901 1143 943 1185 S.
967 1142 1073 1184 Rad.
1096 1149 1297 1186 testantur
1323 1143 1467 1196 Caius,
1489 1160 1529 1201 p.
1554 1146 1626 1197 72,

231 1225 274 1262 et
313 1218 544 1275 Harpsfeld
584 1218 660 1261 sub
701 1217 822 1260 finem
861 1217 1078 1261 Historiae.
1139 1217 1342 1262 Priorissa
1383 1220 1426 1262 in
1465 1221 1628 1278 scriptis

231 1292 481 1349 quandoque
514 1293 722 1345 vestustis,
757 1295 818 1347 (et
846 1293 887 1335 in
914 1292 1005 1349 ipsa
1027 1298 1254 1336 statuorum
1278 1294 1459 1350 Collegii
1481 1296 1629 1351 praef'a-

232 1368 362 1424 tione)
393 1368 572 1411 abatissa
605 1372 879 1424 nuncupatur,
920 1372 962 1409 et
996 1367 1201 1423 prioratus
1243 1369 1287 1411 S.
1326 1368 1439 1412 Rad.
1477 1369 1629 1412 dicitur

232 1442 355 1485 etiam
376 1442 515 1484 abatia
535 1443 580 1485 S.
607 1442 713 1484 Rad.
735 1441 776 1483 in
799 1441 1008 1484 Chronico
1028 1440 1145 1484 Guil.
1169 1441 1326 1484 Thorn.
1348 1458 1389 1499 p.
1406 1443 1478 1495 21,
1502 1445 1571 1487 65.

289 1515 473 1559 Nomina
493 1515 786 1558 Priorissarum
816 1514 880 1557 vel
902 1514 1090 1558 Abatiss.
1112 1531 1330 1572 nusquam,
1353 1518 1465 1571 quod
1485 1519 1628 1570 sciam,

233 1595 433 1642 constant,
452 1590 616 1632 nomina
636 1595 772 1632 tamen
788 1589 1061 1645 quarundam,
1084 1590 1340 1646 diligentiori
1358 1592 1628 1648 inspectione,

231 1663 355 1715 facta,
385 1678 437 1705 ex
468 1663 695 1706 indenturis
716 1663 868 1719 quibus
886 1663 1037 1706 fundos
1058 1663 1290 1715 elocabant,
1321 1666 1512 1709 eruimus.
1561 1668 1630 1711 In-

235 1737 421 1779 denturae
434 1737 566 1793 (quod
582 1737 717 1779 obiter
731 1739 933 1792 notarem)
947 1743 1062 1779 erant
1075 1737 1266 1793 sigillatae
1283 1738 1435 1795 sigillo,
1449 1740 1631 1797 imagine

234 1811 406 1867 virginis
428 1811 642 1867 impresso,
674 1811 838 1866 (opinor
869 1811 912 1854 S.
942 1811 1233 1866 Radegundis)
1265 1828 1359 1869 quae
1390 1813 1537 1857 habitu
1567 1830 1630 1858 re-

235 1885 384 1940 ligioso
404 1885 565 1936 vestita,
586 1899 668 1927 una
684 1900 805 1926 manu
820 1884 1065 1935 caduceum,
1083 1885 1209 1928 altera
1223 1886 1410 1930 libellum
1423 1889 1630 1944 gestabat,

237 1974 328 2002 cum
350 1960 428 2001 hac
448 1958 727 2014 inscriptione,
749 1958 938 2013 Sigillum
961 1959 1005 2002 S.
1033 1959 1315 2015 Radegundis.

606 2146 823 2182 NOMINA
851 2145 1263 2186 PRIORISSARUM.

238 2275 284 2308 42
306 2272 404 2308 Hen.
423 2275 444 2306 3
464 2272 571 2307 Dera.
971 2273 992 2304 2
1013 2270 1090 2307 Ric.
1110 2275 1143 2308 2.
1168 2275 1282 2311 Alicia
1301 2275 1405 2312 Pilet.

264 2339 285 2376 7
305 2338 397 2373 Edv.
420 2340 451 2372 1.
485 2337 623 2372 Amicia
652 2337 686 2372 le
719 2336 911 2371 Chamber-
971 2339 993 2371 2
1015 2338 1110 2374 Hen.
1130 2343 1164 2375 4.
1187 2341 1336 2378 Isabella
1353 2343 1535 2391 Sudbury.

335 2403 454 2449 layne.
972 2404 993 2435 9
1016 2402 1112 2438 Hen.
1131 2407 1166 2439 4.
1189 2405 1366 2452 Margeria
1385 2408 1546 2454 Harling.

240 2467 283 2499 21
306 2465 398 2500 Edv.
421 2468 451 2499 1.
478 2464 628 2500 Helena.
971 2470 994 2501 4
1014 2468 1109 2506 Hen.
1130 2473 1164 2505 5.
1187 2471 1311 2516 Agnes
1333 2473 1552 2519 SeynteIOW.

242 2531 288 2563 30
307 2529 399 2564 Edv.
422 2532 452 2564 1.
477 2530 600 2574 Agnes
620 2529 822 2574 Burgulun.
971 2538 994 2569 8
1014 2535 1104 2570 Edv.
1125 2538 1159 2571 4.
1179 2536 1321 2572 Joanna
1340 2538 1546 2575 Lancaster.

245 2594 287 2627 10
307 2592 401 2627 Edv.
418 2594 452 2627 2.
475 2593 618 2628 Cecilia.
952 2601 995 2633 12
1015 2599 1106 2635 Edv.
1127 2603 1162 2635 4.
1185 2601 1274 2636 Eliz.
1300 2602 1460 2639 Walton.

266 2663 287 2694 6
308 2660 400 2695 Edv.
420 2662 454 2694 3.
476 2660 621 2695 Mabilia
641 2660 800 2706 Martyn.
976 2668 990 2699 l
1014 2666 1092 2701 Ric.
1113 2669 1146 2701 3.
1168 2667 1309 2702 Joanna
1325 2669 1371 2704 de
1391 2669 1616 2716 Cambridge.

242 2725 288 2758 20
309 2723 401 2758 Edv.
422 2726 456 2758 3.
479 2723 604 2758 Alicia·
971 2734 993 2766 8
1014 2731 1110 2767 Hen.
1132 2734 1164 2770 7.
1186 2732 1328 2768 Joanna
1345 2735 1391 2770 de
1410 2735 1608 2772 Fulburne.

243 2791 288 2823 33
309 2789 399 2824 Edv.
420 2791 453 2823 3.
475 2789 552 2824 Eva
574 2789 789 2825 Wasteneis.

241 2857 288 2888 44
308 2855 399 2889 Edv.
420 2856 454 2888 3.
479 2854 670 2901 Margarita
689 2857 820 2892 Clarill.
