1936 3224
323 218 373 259 16
905 231 1107 259 Ηιετοκιᾼ

378 342 461 385 Sex
484 341 650 397 insuper
671 340 750 383 alia
772 340 1064 383 priorissarum
1088 341 1251 383 nomina
1271 347 1515 383 occurrunt:

545 443 693 486 Elena.
1187 442 1385 486 Mabilea.

550 516 714 559 Letitia.
925 453 962 639 }
1034 455 1069 640 {
1189 519 1343 574 Agnes.

546 590 795 632 Milesentia.
1190 591 1441 635 Constantia.

377 704 488 745 Haec
506 708 641 744 autem
659 716 751 744 cum
767 702 806 743 in
826 701 1123 753 Instrumentis‚
1146 719 1239 745 sans
1260 704 1371 756 date,
1393 706 1709 761 conspiciantur,

324 776 430 818 inter
449 775 627 818 seniores
647 774 870 818 Priorissas
890 774 967 816 sub
985 776 1215 832 Stephano,
1235 777 1348 820 Hen.
1374 778 1446 818 2‘10·
1468 778 1530 820 vel
1551 778 1712 822 Joanne

319 849 503 905 regibus,
561 847 816 904 reponendas
873 862 961 889 esse
1015 854 1195 891 autumo.
1288 848 1400 891 Illud
1449 850 1710 901 monendum,

320 938 467 965 annum
485 937 631 978 nempe
652 920 818 963 affixum
839 921 1072 963 nominibus
1092 922 1385 965 Priorissarum
1408 923 1712 981 suprascriptis,

319 1014 399 1041 non
421 998 603 1040 indicare
625 997 758 1053 ipsum
785 1012 934 1039 annum
955 1013 1038 1053 quo
1058 1012 1235 1053 praeesse
1260 999 1477 1055 coeperint,
1509 1000 1586 1043 iste
1605 1000 1713 1043 enim

321 1072 375 1115 de
391 1072 534 1129 paucis
550 1077 723 1122 constat,
745 1069 817 1112 sed
834 1086 980 1113 annum
998 1077 1196 1123 notatum,
1213 1073 1265 1115 ab
1282 1073 1397 1129 ipsis,
1418 1073 1516 1116 dum
1539 1074 1714 1130 praefue-

320 1151 414 1188 runt
434 1146 474 1187 in
495 1144 723 1187 indenturis
743 1144 872 1187 factis.
920 1145 967 1188 Si
989 1145 1042 1188 ab
1063 1152 1200 1201 etymo
1219 1146 1408 1198 nominis,
1430 1154 1714 1203 argumentum

321 1219 581 1275 desumptum
605 1218 806 1274 quicquid
827 1218 993 1270 valeret,
1016 1233 1109 1274 quae
1130 1235 1154 1261 a
1174 1220 1294 1262 nobis
1315 1227 1546 1263 recensetur
1567 1222 1715 1264 ordine

321 1299 480 1343 octava,
517 1298 611 1334 ante
645 1307 783 1334 omnes
816 1291 949 1347 prima
985 1298 1027 1334 et
1063 1293 1181 1348 quasi
1212 1293 1392 1336 omnium
1423 1294 1714 1338 Priorissarum

321 1365 545 1407 communis
566 1380 711 1421 parens
732 1365 817 1407 dici
836 1372 1050 1409 mereatur.

379 1438 533 1480 Verum
569 1438 770 1494 quicquid
799 1439 852 1480 de
887 1441 1018 1494 prima
1044 1439 1244 1483 Priorissa
1273 1440 1534 1483 statuendum
1557 1440 1624 1493 sit,
1645 1456 1717 1484 au-

323 1511 465 1554 dacter
504 1518 638 1554 tamen
680 1512 943 1568 pronuntiare
989 1513 1101 1566 licet,
1153 1514 1357 1556 Joannam
1405 1513 1458 1556 de
1505 1513 1719 1557 Fulburne

322 1585 506 1629 ultimam
536 1586 633 1629 huic
663 1587 872 1630 Prioratui
906 1587 1133 1643 praefuisse.
1207 1588 1342 1643 Cujus
1372 1588 1432 1630 rei
1460 1587 1563 1630 mihi
1595 1588 1718 1631 fidem

322 1660 435 1711 facit,
455 1660 647 1716 frequens
666 1660 841 1703 nominis
861 1661 977 1704 istius
999 1662 1165 1714 mentio,
1189 1662 1266 1705 sub
1287 1661 1499 1704 Priorissae
1519 1661 1655 1714 titulo,
1677 1662 1718 1705 in

323 1736 548 1779 indenturis
569 1752 633 1779 an.
663 1739 727 1780 8*’0
758 1737 874 1781 Heu.
905 1738 972 1780 ¹7¹¹*li
996 1738 1022 1780 i.
1038 1753 1073 1781 e.
1097 1738 1270 1780 triennio
1300 1744 1394 1779 ante
1417 1736 1613 1779 Coenobii
1635 1737 1720 1780 dis-

323 1810 582 1862 solutionem,
604 1810 735 1854 factis.
780 1811 940 1855 Electio
959 1812 1174 1855 Priorissae
1196 1812 1250 1854 ad
1273 1810 1470 1853 moniales
1489 1811 1719 1867 spectabat,

323 1899 433 1940 quae,
468 1891 548 1940 qua
576 1885 740 1928 demum
771 1885 897 1929 forma
929 1885 1073 1941 peragi
1094 1885 1212 1937 solet,
1243 1900 1323 1927 non
1349 1885 1554 1941 ingratum
1574 1885 1721 1942 opinor

323 1958 401 2001 erit
431 1959 594 2001 docere.

380 2035 565 2078 Vacante
594 2035 784 2078 Prioratu
806 2035 1044 2078 monialium
1076 2035 1126 2077 B.
1150 2035 1299 2077 Mariae
1333 2041 1374 2077 et
1411 2035 1455 2078 S.
1480 2034 1587 2077 Rad.
1611 2034 1718 2078 Ord.

323 2109 537 2152 Benedict.
570 2124 644 2165 per
674 2115 843 2152 mortem
874 2108 1075 2164 religiosae
1106 2108 1287 2150 mulieris
1317 2107 1498 2150 dommae
1543 2108 1721 2164 Agnetis

325 2183 555 2240 Seyntelow
585 2183 795 2226 Priorissae
826 2182 929 2225 ibid.
965 2183 1033 2240 [ex
1069 2183 1218 2238 Regro.
1254 2182 1345 2238 Epi.
1381 2181 1510 2224 Elien.
1539 2187 1636 2224 tom.
1657 2182 1718 2238 3.]

325 2272 418 2314 quae
458 2260 522 2300 8νο
564 2257 679 2313 Sept.
723 2257 847 2308 1457,
889 2255 999 2298 diem
1041 2254 1187 2298 clausit
1222 2262 1463 2307 extremum,
1500 2255 1722 2297 vacationis

323 2331 525 2375 intimatio
558 2330 666 2373 facta
699 2338 761 2373 est
794 2331 844 2373 R.
866 2329 981 2372 Patri
1016 2329 1222 2385 Episcopo
1244 2329 1382 2372 Elien.
1402 2343 1477 2385 per
1498 2328 1720 2371 Matildam

325 2406 522 2461 Sudbury
552 2403 863 2461 subprior-issam
891 2409 933 2445 et
962 2403 1251 2459 praesidentem
1290 2402 1486 2446 Ecclesiae
1525 2402 1722 2457 regularis

325 2479 554 2536 praedictae,
599 2493 679 2520 una
721 2492 812 2519 cum
863 2476 1003 2519 libello
1036 2476 1231 2533 supplici,
1284 2477 1324 2519 in
1371 2491 1454 2532 quo
1492 2475 1722 2519 humillime

326 2552 523 2595 moniales
582 2558 726 2608 petunt
786 2550 987 2593 licentiam
1045 2566 1157 2593 novae
1207 2550 1420 2592 Priorissae
1479 2549 1720 2592 electionem

325 2626 577 2677 celebrandi,
615 2631 694 2682 qua
729 2624 891 2668 licentia
926 2625 1091 2668 demum
1139 2629 1344 2675 concessa,
1382 2623 1584 2680 praedicta
1623 2622 1721 2666 sub-

326 2701 520 2758 priorissa
554 2701 659 2756 (sine
694 2700 936 2757 praesidens)
972 2715 1112 2742 omnes
1146 2699 1436 2742 commoniales
1465 2700 1506 2742 in
1538 2699 1719 2742 Domum

327 2775 628 2833 Capitularem‚
661 2778 716 2819 23
738 2778 855 2833 Sept.
878 2777 1130 2829 convocavit,
1163 2777 1235 2819 ubi
1265 2776 1319 2818 de
1349 2775 1482 2819 futura
1505 2775 1721 2827 electione,

326 2850 396 2893 die
425 2852 479 2894 27
513 2851 718 2904 habenda,
749 2867 801 2895 ex
834 2853 1038 2895 communi
1072 2866 1267 2894 consensu
1297 2856 1495 2894 statutum
1527 2856 1613 2902 est3
1638 2865 1722 2905 quo
