1936 3224
610 221 813 250 COLLEGII
842 221 942 249 JESU
972 220 1292 250 CANTABRIGIAE.
1594 208 1649 248 37

257 333 376 388 cujus
409 332 531 374 etiam
566 331 751 373 ecclesiae
785 330 1032 387 parochialis
1067 329 1374 372 advocationem
1406 336 1647 386 perpetuam

257 405 434 461 collegio
453 404 663 448 concessit.
724 404 907 447 Tertiam
930 404 1097 460 insuper
1117 404 1315 446 bonorum
1336 410 1494 461 partem
1511 405 1648 447 eidem

258 480 433 523 moriens
451 479 617 535 legavit.
678 478 926 521 Oxoniensis
946 479 1169 521 academiae
1192 478 1378 520 alumnus
1398 485 1498 530 erat,
1520 494 1543 520 e
1564 478 1649 521 col-

256 554 366 611 legio
385 553 582 597 Omnium
599 553 857 604 Animarum,
882 552 1032 595 LL.D.
1064 559 1106 595 et
1126 553 1407 609 incorporatus
1428 553 1646 596 Cantabri-

257 628 338 684 giae
355 643 367 680 ;
387 627 416 670 J
420 627 474 670 ul.
490 628 561 679 30,
589 627 712 679 1558,
732 633 910 669 nostram
932 626 1183 669 academiam
1199 627 1414 669 demeruit.

312 701 352 744 8.
385 700 508 744 Anno
528 702 643 757 regni
665 700 771 744 Eliz.
800 701 868 743 1¹⁰⁰
889 699 1074 744 Thomas
1096 701 1285 743 Redman
1317 702 1452 744 socius
1481 701 1647 759 collegii

258 775 337 819 SS.
359 774 477 818 Trin.
502 775 658 819 S.T.B.
690 774 812 829 hujus
842 774 1005 829 collegii
1037 775 1231 830 magister
1259 776 1427 831 legitur,
1458 777 1646 831 sequenti

256 863 362 891 anno
377 848 510 891 cessit.
533 848 717 898 Quidam
733 848 841 892 Tho.
862 849 1050 892 Redman
1066 849 1313 891 senescallus
1333 848 1442 892 Tho.
1466 848 1646 906 Thirlby

256 922 442 979 episcopi
463 921 656 974 Eliensis,
678 924 921 966 constitutus
941 931 1028 965 erat
1048 930 1242 966 executor
1256 922 1339 965 Dra
1359 922 1396 965 F
1399 922 1513 966 uller.
1546 922 1646 966 Duo

257 995 402 1038 eodem
438 996 599 1038 nomine
632 994 859 1051 gaudentes
888 996 1074 1053 episcopi
1103 996 1310 1052 leguntur,
1341 1011 1514 1052 quorum
1544 995 1648 1041 alter

258 1067 480 1122 Ricardus‚
522 1070 711 1112 nimirum
752 1069 805 1113 R.
835 1071 885 1114 P.
907 1071 1058 1114 Joanni
1095 1070 1282 1114 Alcocke
1320 1070 1443 1126 hujus
1481 1070 1646 1127 collegii

257 1142 482 1194 fundatori,
523 1144 562 1186 in
606 1143 704 1186 sede
743 1143 919 1196 Eliensi,
960 1145 1198 1188 immediate
1239 1146 1448 1189 successit.
1524 1146 1648 1189 Alter

257 1225 394 1261 autem
434 1218 670 1261 Gulielmus
702 1217 838 1261 floruit
877 1219 1097 1276 episcopus
1135 1219 1180 1262 N
1182 1219 1472 1263 ordovicensis.
1546 1220 1646 1271 Quo

257 1301 392 1337 autem
414 1296 580 1337 secessit
599 1301 737 1336 noster
758 1294 956 1347 Thomas,
978 1311 1055 1338 non
1078 1302 1250 1340 constat.

312 1369 355 1411 9.
387 1368 609 1411 Edvardus
621 1369 840 1424 Gascoyne
854 1371 989 1412 socius
1009 1369 1232 1423 petrensis,
1245 1371 1494 1414 Procurator
1508 1372 1646 1415 Acad.

257 1442 325 1483 3ιίο
345 1441 455 1485 Edv.
480 1444 528 1484 6ti
549 1443 588 1484 in
609 1442 818 1484 custodem
849 1442 972 1498 hujus
1001 1443 1166 1500 collegii
1196 1446 1514 1501 promovebatur
1534 1446 1645 1490 Eliz.

257 1516 337 1567 2²¹⁰,
359 1530 457 1571 agro
469 1515 721 1559 Eboracensi
738 1522 871 1567 natus,
888 1516 1059 1568 LL.D.,
1077 1533 1128 1559 ex
1144 1519 1261 1573 cujus
1278 1519 1435 1563 familis
1450 1519 1647 1563 oriundus

258 1590 465 1633 Ricardus
484 1591 703 1646 Gascoyne
736 1590 858 1645 hujus
884 1591 1046 1647 collegii
1073 1593 1180 1634 1594
1199 1593 1403 1646 alumnus,
1426 1600 1646 1649 octogena·

258 1665 342 1707 rius
369 1666 544 1708 moriens
564 1680 627 1707 an.
658 1665 786 1709 1563:
818 1665 994 1721 collegio
1014 1665 1166 1722 legavit
1193 1673 1319 1710 totam
1349 1683 1464 1710 suam
1493 1668 1647 1712 biblio-

257 1738 432 1782 thecam.

321 1814 383 1856 10.
414 1813 594 1856 Joannes
616 1814 766 1866 Lakin‚
787 1814 944 1858 S.T.B.
966 1830 989 1857 e
1009 1815 1120 1857 socio
1141 1815 1308 1871 collegii
1329 1815 1383 1859 D.
1408 1815 1581 1858 Joannis
1602 1815 1648 1857 fit

257 1887 381 1943 hujus
411 1887 575 1943 collegii
611 1888 760 1941 socius,
790 1895 830 1931 et
864 1888 972 1932 Eliz.
995 1890 1052 1930 4ῑο
1071 1890 1258 1932 succedit
1287 1897 1423 1932 custos
1448 1889 1646 1942 decimus,

257 1976 332 2018 per
353 1976 476 2004 unum
497 1977 643 2004 annum
666 1963 780 2014 socii,
803 1978 877 2019 per
897 1962 1068 2006 alterum
1090 1963 1285 2019 Magistri
1306 1963 1399 2006 loco
1411 1963 1644 2020 gaudebat:

257 2035 363 2078 intra
381 2035 598 2078 triennium
619 2044 840 2091 utrumque
858 2036 1026 2079 dimisit.

318 2110 381 2151 ll.
414 2109 646 2165 Collegium
676 2110 778 2152 Jesu
808 2109 913 2152 inter
942 2109 1215 2162 Oxonienses,
1247 2110 1344 2152 solis
1374 2110 1524 2153 Wallis
1557 2111 1646 2154 fun-

258 2184 347 2226 dari
358 2183 612 2240 accepimus,
631 2183 851 2240 collegium
871 2184 901 2226 J
903 2199 974 2227 esu
996 2184 1101 2226 inter
1123 2185 1500 2241 cantabrigienses,
1523 2201 1645 2228 unum

257 2259 412 2302 socium
434 2274 485 2301 ex
505 2259 676 2314 antiqua
695 2259 769 2301 illa
797 2259 1085 2301 Britannorum
1115 2267 1251 2314 gente,
1282 2260 1336 2303 ab
1366 2261 1454 2316 ipsa
1483 2260 1647 2316 collegii

259 2350 363 2391 pene
397 2334 634 2376 fundatione
670 2348 831 2390 semper
865 2333 1016 2384 alebat,
1038 2339 1079 2375 et
1107 2334 1328 2376 etiamnum
1355 2335 1444 2387 alit,
1466 2335 1572 2378 adeo
1602 2341 1647 2377 ut

259 2408 580 2464 praescriptionis
609 2408 728 2450 titulo
758 2408 836 2450 sibi
853 2409 921 2462 jus
952 2408 1005 2450 ad
1035 2423 1159 2450 unum
1180 2409 1417 2451 sodalitium
1438 2409 1647 2451 vindicare

258 2482 427 2525 soleant,
457 2482 611 2524 Verum
630 2482 814 2525 Thomas
837 2481 958 2524 lthell
978 2482 1135 2537 primus
1155 2490 1257 2534 erat,
1279 2483 1351 2538 qui
1372 2498 1424 2525 ex
1444 2482 1645 2525 Cambro-

259 2554 466 2598 Britannis
487 2556 611 2610 hujus
632 2554 795 2610 collegii
819 2554 1022 2610 Magister
1041 2554 1192 2607 floruit,
1224 2555 1332 2598 Eliz.
1355 2556 1411 2597 5¹⁵⁰
1431 2555 1646 2607 admissus,

256 2628 423 2683 collegii
454 2629 516 2671 M.
551 2629 816 2685 Magdalenae
847 2629 995 2680 socius,
1028 2628 1196 2681 LL.D.,
1218 2628 1535 2673 Praebendarius
1556 2630 1645 2674 Eli-

258 2702 380 2754 ensis,
413 2702 681 2758 ejusdemque
716 2702 899 2744 ecclesiae
931 2701 1196 2744 cancellarius
1227 2702 1303 2744 sub
1335 2702 1520 2746 Ricardo
1552 2704 1647 2747 Cox

256 2775 456 2827 Praesule,
475 2782 606 2818 rector
635 2775 819 2818 ecclesiae
840 2776 1088 2832 parochialis
1109 2776 1313 2819 donativae
1335 2777 1388 2820 de
1410 2777 1532 2820 Elme
1552 2793 1644 2821 cum

261 2849 441 2892 Emneth
463 2850 501 2891 in
523 2849 651 2892 insula
680 2849 850 2893 Eliensi.
