1936 3224
302 231 358 270 2⁶2
896 243 1105 272 ulsTmuA

573 474 791 517 Fundano
826 474 1017 533 collegii
1046 484 1087 517 et
1118 475 1433 533 Benefactores.

361 576 587 631 Postquam
619 577 704 630 jam
746 577 912 619 tandem
947 576 1161 619 Prioratus
1188 592 1262 634 per
1289 592 1421 620 mores
1455 578 1692 620 monialium

303 649 604 705 perditissimos
623 650 664 691 in
686 649 896 705 religionis
915 650 1154 693 scandalum
1174 657 1215 693 et
1235 651 1471 707 religiosum
1491 651 1694 694 dehones-

302 729 542 775 tamentum,
564 722 795 779 domusque
824 739 950 766 sacrae
984 724 1173 780 gloriosae
1204 726 1372 782 virginis
1402 727 1446 770 S.
1472 726 1694 783 Radegun-

305 797 370 839 dis
386 797 426 839 in
446 812 592 839 nomen
614 797 834 853 inglorium
850 798 1020 841 abierat.
1079 799 1271 855 Cumque
1286 799 1397 842 aedes
1411 801 1498 855 jam
1518 801 1693 844 desertae

301 877 343 913 et
364 871 559 913 desolatae
594 871 836 927 aliquandiu
862 874 1088 928 jacuerant,
1112 889 1163 915 ne
1189 873 1347 916 eaedem
1381 889 1456 930 pro
1488 874 1696 918 derelictis

302 943 473 995 habitae,
495 944 559 986 vel
580 944 715 1000 primo
737 945 1052 1001 occupantibus,
1083 946 1147 988 vel
1169 946 1380 1002 sacrilegis
1406 954 1448 989 et
1477 946 1695 1003 rapacibus

305 1017 492 1060 manibus
521 1018 562 1060 in
590 1018 773 1074 praedam
795 1019 1015 1062 cederent:
1059 1019 1104 1062 id
1135 1021 1330 1076 episcopo
1360 1020 1519 1063 Eliensi
1549 1020 1696 1064 sedulo

305 1091 531 1133 curandum
551 1093 716 1135 unicum
738 1093 930 1136 restabat.

365 1166 629 1209 Reverendus
649 1173 783 1209 autem
800 1176 917 1224 pater
932 1168 961 1210 J
965 1184 1002 1211 ο.
1021 1169 1221 1220 Alcocke,
1239 1168 1468 1211 recolendae
1488 1169 1696 1211 memoriae

303 1239 471 1296 praesul,
503 1247 600 1283 tunc
626 1242 823 1298 temporis
853 1243 992 1284 sedem
1015 1243 1224 1286 Eliensem
1254 1242 1437 1286 ornabat.
1498 1242 1575 1285 Vir
1603 1243 1696 1298 qui-

305 1313 400 1356 dem
441 1314 513 1369 qui
552 1331 576 1356 a
612 1316 762 1358 teneris
801 1316 917 1358 annis
958 1317 1158 1358 bonarum
1201 1316 1409 1358 literarum
1450 1323 1491 1358 et
1531 1317 1697 1372 pietatis

308 1387 447 1430 studio
468 1394 550 1430 tam
573 1388 746 1431 feliciter
766 1405 933 1446 operam
963 1389 1207 1442 collocabat,
1244 1397 1289 1432 ut
1317 1405 1508 1446 magnum
1528 1398 1570 1432 et
1590 1404 1697 1447 prae-

308 1460 461 1503 clarum
482 1478 629 1505 nomen
663 1463 740 1506 sibi
764 1479 838 1519 per
857 1470 982 1506 totam
1013 1463 1209 1519 Angliam
1247 1470 1527 1521 compararet:
1558 1464 1697 1507 studio

308 1535 527 1587 indefesso,
563 1536 847 1592 frequentibus
877 1538 1043 1594 vigiliis,
1065 1539 1343 1594 asperioribus
1368 1538 1551 1592 jejuniis,
1586 1537 1698 1582 aliis-

309 1624 390 1665 que
420 1611 632 1653 severioris
667 1611 896 1668 disciplinae
933 1613 1173 1664 rationibus,
1214 1613 1294 1656 sibi
1325 1627 1486 1670 semper
1519 1627 1697 1664 severus,

309 1684 464 1726 meritis
505 1685 638 1728 indies
683 1686 769 1728 suis
811 1686 1098 1737 inclarescens,
1145 1687 1184 1729 in
1238 1686 1378 1729 sedem
1418 1685 1697 1742 episcopalem

313 1757 423 1802 Roff.
456 1759 588 1815 primo
619 1759 828 1810 suffectus,
861 1760 957 1802 dein
985 1761 1025 1802 in
1057 1759 1246 1815 Wigorn.
1279 1760 1444 1802 tandem
1487 1759 1526 1801 in
1562 1759 1699 1803 Elicn.

312 1834 529 1877 translatus
549 1835 638 1878 suit.

365 1910 631 1952 Reverendus
658 1916 794 1952 autem
816 1916 948 1965 pater,
970 1910 1150 1965 antiquae
1180 1915 1222 1951 et
1253 1908 1454 1964 religiosae
1475 1908 1623 1951 domus
1652 1908 1699 1950 S.

310 1982 422 2025 Rad.
453 1984 590 2026 ruinas
623 1984 805 2026 contueri
832 1988 943 2039 aegre
971 1984 1186 2035 sustinens,
1218 1983 1380 2025 licentia
1409 1982 1462 2025 ab
1492 1982 1605 2024 Hen.
1627 1982 1702 2023 7¹¹=⁰

310 2071 408 2112 rege
429 2057 508 2099 sibi
539 2057 581 2099 in
610 2057 654 2100 id
689 2057 810 2108 facta,
832 2057 1066 2100 coenobium
1097 2058 1138 2099 in
1169 2057 1389 2112 collegium
1421 2055 1699 2108 convertebat,

311 2130 507 2186 idemque
528 2131 568 2174 in
599 2131 794 2173 honorem
815 2130 865 2173 B.
889 2131 1037 2174 Mariae
1058 2132 1240 2187 virginis,
1272 2133 1316 2175 S.
1332 2131 1456 2174 Joan.
1482 2131 1640 2187 Evang.
1660 2139 1703 2174 et

311 2206 500 2261 gloriosae
541 2207 710 2262 virginis
752 2207 800 2249 S.
828 2206 1099 2262 Radegundis
1145 2206 1330 2249 dedicari
1365 2206 1499 2261 jussit.
1561 2206 1703 2262 Vulgo

314 2288 451 2324 autem
472 2281 671 2338 appellari
690 2281 911 2337 collegium
934 2284 1051 2334 Jesu,
1082 2288 1123 2324 et
1143 2283 1398 2338 magistrum,
1425 2282 1643 2339 sociosque
1660 2290 1702 2325 et

314 2357 519 2400 scholares
539 2358 725 2412 ejusdem
747 2357 928 2413 collegii,
948 2358 977 2400 J
980 2373 1166 2409 esuanos‚
1187 2364 1228 2400 et
1242 2358 1470 2414 magistros,
1491 2357 1639 2408 socios,
1661 2364 1704 2400 et

315 2433 522 2475 scholares
558 2433 723 2489 collegii
743 2434 846 2476 Jesu
877 2433 1144 2476 communiter
1170 2433 1252 2475 dici
1276 2432 1428 2474 voluit:
1468 2439 1509 2474 et
1528 2431 1700 2473 Jesuani

316 2507 484 2561 quidem
506 2523 584 2549 non
606 2507 884 2563 infrequenter
895 2507 935 2549 in
958 2508 1132 2563 registro
1143 2506 1367 2563 episcopali
1384 2505 1557 2557 Eliensi,
1573 2505 1703 2562 scrip·

317 2580 451 2635 tisque
471 2582 772 2637 antiquioribus
793 2589 1089 2638 nuncupantur.

377 2656 519 2709 Hujus
539 2663 622 2698 tam
646 2655 882 2698 Reverendi
898 2655 1112 2698 Antistitis
1127 2656 1337 2712 pietatem,
1360 2670 1408 2696 an
1425 2654 1702 2710 prudentiam,

317 2747 367 2774 an
391 2731 706 2773 munificentiam
730 2731 908 2786 denique
933 2732 1065 2786 magis
1079 2730 1304 2781 laudarem,
1319 2729 1431 2771 haud
1451 2729 1572 2771 facile
1589 2727 1704 2782 judi-

319 2805 507 2847 caverim.
568 2804 787 2856 Pietatem‚
809 2804 922 2859 quod
945 2805 990 2846 S.
1013 2803 1163 2846 Matris
1192 2802 1374 2845 ecclesiae
1396 2801 1702 2858 patrimonium,

317 2878 368 2920 ad
389 2893 484 2920 usus
506 2877 695 2933 profanos
716 2876 937 2919 abalienari
951 2892 1030 2918 non
1052 2877 1254 2918 commisit
1266 2893 1278 2927 3
1300 2875 1573 2931 prudentiam,
1591 2873 1704 2929 quod
