1962 3360
638 741 1100 797 LECTORI.

174 1049 309 1099 Quot>
324 1048 451 1091 hodie
465 1048 541 1090 tibi
564 1047 602 1088 in
626 1061 767 1088 manus
784 1046 959 1088 traditur
971 1045 1231 1103 opusculum,
1250 1046 1435 1088 ordinem
1453 1047 1569 1090 ducit

174 1154 314 1182 eorum
336 1153 429 1195 quae
447 1138 499 1179 de
517 1136 708 1192 Collegio
728 1137 830 1179 Jesu
853 1137 965 1193 apud
988 1137 1349 1193 Cantabrigienses
1371 1138 1474 1180 serie
1495 1138 1568 1180 ali-

175 1235 344 1285 quatum
365 1235 571 1286 protracta
592 1228 791 1270 narraturi
814 1243 964 1270 sumus.
1011 1228 1118 1282 Ejus
1138 1228 1196 1270 rei
1218 1242 1340 1270 causa
1355 1229 1442 1282 jam
1462 1244 1569 1271 nunc

174 1320 383 1364 materiam
423 1322 533 1363 unde
565 1322 748 1378 undique
778 1323 1024 1379 colligimuS,
1064 1329 1104 1365 et
1138 1322 1236 1364 huic
1271 1322 1409 1364 studio
1450 1323 1570 1364 enixe

174 1428 340 1470 operam
377 1413 535 1455 damus.
609 1414 693 1456 Sed
733 1429 784 1456 ne
823 1413 1092 1455 recentiorum
1132 1413 1343 1455 laboribus
1387 1413 1569 1469 priorum

175 1503 370 1560 opificum
410 1505 608 1547 industria
648 1506 931 1556 obumbretur,
974 1519 1138 1560 aequum
1180 1504 1412 1546 censuimus
1458 1519 1570 1546 suam

177 1595 326 1650 cuique
362 1594 526 1637 laudem
566 1596 605 1637 in
645 1596 787 1651 primis
826 1595 1017 1647 reddere,
1057 1611 1133 1637 nec
1173 1610 1362 1638 coronam
1405 1597 1573 1639 mortuis

178 1689 408 1741 detrahere,
429 1704 511 1745 quo
534 1689 747 1731 decentius
769 1690 950 1732 vivorum
972 1690 1110 1745 capita
1130 1704 1375 1731 ornaremus.

237 1780 479 1823 Shermanni
502 1783 642 1836 itaque
668 1780 879 1822 historiam
911 1781 1025 1836 prius
1059 1781 1169 1836 typis
1199 1780 1385 1822 mandari
1416 1780 1573 1823 curavi-

178 1886 284 1922 mus,
307 1885 430 1926 quam
446 1870 549 1926 quid
566 1886 639 1912 nos
661 1871 700 1912 in
723 1870 804 1912 hoc
835 1886 984 1926 genere
1006 1871 1208 1927 possimus
1228 1870 1390 1927 experti
1410 1885 1575 1922 sumus3

179 1962 220 2004 in
251 1977 334 2017 quo
365 1977 489 2018 opere
519 1961 728 2017 fungendo
758 1977 833 2004 nec
868 1962 1170 2004 observationes
1204 1967 1376 2013 nostras,
1412 1977 1502 2013 nec,
1541 1961 1575 2003 si

179 2067 283 2107 quas
312 2052 595 2104 habuerimus,
634 2052 1007 2095 animadversiones
1023 2053 1288 2107 subjecimus,
1317 2052 1390 2094 sed
1411 2051 1576 2108 qualem

179 2145 268 2200 ipse
290 2144 457 2199 reliquit
474 2159 620 2200 purum
642 2151 786 2200 putum
807 2144 993 2187 codicem
1023 2145 1243 2187 edidimus.
1306 2140 1440 2199 Opem
1463 2143 1576 2186 haud

179 2238 444 2295 perexiguam
467 2240 522 2281 ad
542 2239 651 2281 hunc
671 2239 854 2282 laborem
887 2239 1145 2281 subeundum
1177 2238 1375 2281 debemus
1403 2238 1504 2288 viro,
1535 2237 1575 2278 in

178 2329 307 2371 literis
348 2319 536 2371 omnibus
577 2329 887 2372 instructissimo
932 2329 1106 2371 Thomae
1139 2329 1324 2384 Wright,
1362 2328 1485 2370 A.M.
1522 2327 1576 2370 ob

182 2420 294 2475 quod
318 2421 447 2476 ipsius
466 2420 676 2471 meritum,
695 2420 857 2474 aliaque
872 2419 991 2462 nobis
1012 2420 1111 2462 alias
1129 2419 1393 2476 suppeditata
1409 2419 1575 2470 auxilia,

182 2519 317 2566 grates
338 2511 605 2553 libentissime
628 2511 798 2566 agimus,
945 2511 1080 2553 VALE.

227 2711 332 2742 Com„
350 2712 421 2742 Jsss.
438 2712 595 2743 CANTAB.

314 2772 444 2802 Kalend.
463 2773 557 2803 Mart.
576 2780 754 2803 mmcccxn.
