1936 3224
298 214 353 257 24
906 225 1113 253 nisronm

300 338 428 380 winus
447 337 557 379 hunc
584 334 808 380 Praesulem
844 334 957 377 nulla
979 349 1022 376 re
1044 335 1301 378 memorabili
1334 334 1514 390 praestita
1547 334 1700 377 obiisse

300 411 476 454 rotunde
498 410 748 467 pronuntiat.
811 409 940 459 Quod
962 424 1086 464 quam
1107 409 1283 452 candide
1304 409 1460 452 dictum
1482 410 1551 461 sit,
1571 425 1623 452 ex
1649 409 1700 452 iis

299 499 393 541 quae
414 485 610 534 diximus,
641 490 682 526 et
703 483 889 538 ejusdem
920 483 1104 539 episcopi
1135 498 1336 539 expensas
1367 485 1405 526 in
1436 483 1596 528 aedibus
1621 483 1700 527 So-

299 558 516 601 mersham.
548 557 757 606 ornandis,
777 564 818 599 et
848 558 887 599 in
909 556 1062 599 sacello
1098 571 1149 598 ex
1183 563 1300 613 parte
1330 557 1484 600 boreali
1513 557 1699 603 ecclesiae

299 630 528 687 collegiatae
545 630 881 682 Mancestrianae,
898 631 963 685 cuj
971 645 1017 672 us
1030 636 1167 672 custos
1183 629 1276 682 fuit,
1298 630 1562 674 instaurando
1582 647 1699 688 pror-

299 720 368 747 sus
389 712 562 756 taceam,
586 705 713 747 lector
740 704 997 760 aequissimus
1013 703 1185 758 judicet.

356 778 559 821 Nicolaus
593 779 814 834 episcopus
846 777 982 820 Elien.
1019 778 1171 820 Jacobi
1213 785 1366 821 statuta
1387 780 1539 832 revisit,
1571 779 1701 823 multa

300 852 549 903 immutavit,
571 852 775 895 revocavit
795 852 1005 903 nonnulla,
1040 861 1187 895 caetera
1209 853 1358 904 sanxit,
1387 861 1428 896 et
1459 854 1621 897 statutis
1644 855 1698 898 ab

299 941 349 968 eo
368 926 546 968 conditis
565 925 693 968 hodie
709 926 877 977 utimur,
901 941 1075 981 quorum
1106 926 1228 968 etiam
1252 934 1429 982 quatuor
1458 928 1597 984 copias
1625 927 1698 971 ha·

299 999 458 1051 bemus,
480 1015 620 1042 omnes
647 1014 749 1041 sans
770 1000 884 1050 date,
917 997 1177 1055 imperfectas
1199 1015 1366 1055 quoque
1387 1016 1544 1053 omnes,
1575 1003 1698 1046 inter-

297 1072 472 1130 polatas,
515 1073 821 1116 amanuensium
869 1072 1028 1115 incuria
1063 1073 1207 1115 erratis
1248 1080 1465 1126 scatentes,
1506 1075 1611 1118 inter
1654 1091 1700 1119 se

299 1147 600 1199 discordantes,
622 1146 736 1189 nulla
757 1146 1006 1189 authoritate
1026 1146 1253 1203 episcopali
1284 1148 1472 1191 munitas.

357 1221 567 1264 Ricardus
595 1220 737 1276 Pig0t‚
772 1221 962 1262 Henrico
991 1221 1066 1276 7mo
1101 1221 1279 1263 serviens
1309 1222 1362 1264 ad
1393 1222 1541 1279 legem,
1574 1240 1699 1268 unum

299 1295 535 1337 sodalitium
558 1310 681 1351 supra
702 1294 926 1336 manerium
959 1294 1012 1336 de
1043 1294 1192 1337 Horne
1222 1295 1262 1336 in
1287 1295 1406 1339 Com.
1430 1297 1589 1350 Suthr.,
1620 1300 1698 1342 sub

298 1369 495 1425 magistro
518 1369 696 1411 Chubbs
729 1368 861 1424 primo
900 1367 1092 1423 collegiis
1119 1368 1314 1424 praefecto
1343 1370 1419 1412 sub
1441 1369 1562 1414 finem
1582 1373 1698 1428 regni

300 1444 410 1485 Hen.
434 1443 502 1484 7¹¹st
523 1443 722 1485 fundavit.

354 1517 480 1560 Circa
500 1517 545 1559 id
571 1523 748 1573 tempus,
779 1516 893 1559 aliud
920 1517 1087 1573 insuper
1116 1518 1282 1560 addidit
1303 1516 1412 1560 Tho.
1435 1519 1617 1563 Roberts
1646 1522 1701 1564 de

300 1590 428 1643 over,
466 1606 590 1647 super
625 1590 782 1633 firmam
816 1597 945 1634 vocat.
977 1591 1015 1633 le
1052 1591 1233 1634 Roberts
1275 1592 1315 1634 in
1355 1591 1483 1644 over,
1530 1594 1570 1636 in
1614 1610 1698 1650 quo

301 1665 460 1722 oppido
485 1665 621 1708 socius
643 1680 695 1707 ex
724 1667 814 1721 ejus
844 1665 1082 1709 fundatione
1103 1666 1341 1708 concionem
1379 1668 1596 1721 quotannis
1625 1669 1698 1712 ha-

304 1739 401 1781 bere
417 1739 633 1782 tenebatur
653 1754 728 1795 per
749 1747 901 1782 statuta
933 1739 1184 1783 Stanleiana.

358 1812 549 1870 Roget-us
569 1813 609 1856 T
611 1814 783 1870 horney,
804 1813 859 1856 ad
879 1829 1003 1857 unum
1030 1814 1185 1857 socium
1217 1814 1426 1868 alendum,
1445 1817 1559 1860 varia
1585 1825 1697 1861 tene-

301 1892 438 1929 menta
459 1887 499 1929 in
521 1887 665 1943 Burgo
686 1887 740 1930 de
772 1888 1019 1931 Southwark
1042 1887 1187 1930 ultimo
1216 1904 1290 1931 suo
1320 1896 1563 1933 testamento
1589 1892 1700 1935 circa

301 1976 450 2003 annum
473 1962 500 2003 6
520 1961 633 2004 Hen.
654 1958 711 2003 8vi
731 1960 896 2016 legavit.

359 2035 444 2078 An.
480 2036 594 2078 Hen.
631 2037 688 2077 8vi
732 2035 911 2086 decimo,
947 2035 1197 2078 clarissimus
1233 2037 1293 2079 vir
1330 2036 1539 2080 Ricardus
1577 2037 1698 2082 Read

302 2107 421 2150 miles
441 2107 519 2150 sub
541 2109 657 2151 Hen.
681 2109 754 2150 7¹¹²⁰
774 2108 952 2151 serviens
973 2108 1028 2151 ad
1048 2107 1197 2164 legem,
1219 2110 1273 2152 ab
1295 2110 1407 2152 Hen.
1431 2111 1493 2152 8ςό
1517 2114 1699 2168 equestri

304 2185 506 2241 dignitate
526 2193 707 2237 ornatus,
726 2191 769 2227 et
789 2185 947 2228 domini
976 2186 1124 2229 summi
1141 2186 1170 2228 J
1174 2187 1371 2230 usticiarii
1392 2191 1432 2230 in
1453 2189 1568 2232 curia
1587 2205 1699 2232 com·

303 2259 416 2302 muni
447 2258 700 2302 Placitorum
734 2259 855 2302 titulo
886 2259 1101 2315 insignitus
1132 2268 1296 2303 centum
1330 2261 1458 2305 libras
1487 2262 1620 2316 dedit,
1643 2264 1699 2307 ad

304 2332 554 2375 fundandam
608 2348 728 2375 unam
777 2333 1053 2386 sodalitatem,
1096 2335 1181 2390 qud
1229 2336 1496 2391 pecuniarum
1538 2343 1698 2382 summa

306 2405 453 2449 domus
486 2408 766 2463 transpontina
802 2408 1034 2451 cervisiaria
1064 2416 1299 2465 comparata
1334 2409 1425 2462 fuit,
1456 2426 1561 2455 anno
1589 2416 1700 2456 enim

303 2481 515 2536 posthanc
525 2480 695 2524 Ricardi
713 2481 991 2534 donationem,
1001 2482 1153 2525 dictam
1176 2483 1359 2535 domum,
1369 2499 1443 2540 per
1452 2484 1544 2527 D‘*m
1551 2485 1698 2544 Capon

304 2558 470 2599 tertium
501 2557 665 2613 collegii
701 2557 929 2605 custodem.
964 2566 1147 2615 emptum
1176 2559 1302 2602 fuisse
1328 2561 1548 2616 comperio.
1610 2563 1702 2606 Hic

306 2645 455 2686 nempe
477 2630 546 2673 ille
566 2637 627 2673 est
649 2631 758 2673 idem
782 2631 989 2674 Ricardus
1011 2631 1175 2684 Reade,
1204 2633 1277 2687 qui
1308 2639 1387 2675 tres
1419 2634 1458 2676 in
1490 2635 1700 2681 academia

307 2705 484 2748 lecturas
505 2706 691 2749 fundavit
715 2722 837 2763 supra
859 2707 1031 2757 reditus,
1060 2709 1159 2750 olim
1179 2723 1202 2750 e
1232 2710 1476 2753 monasterio
1506 2711 1559 2753 de
1581 2711 1700 2754 Wal-

308 2778 419 2820 tham
453 2778 493 2820 in
528 2779 715 2831 Essexia‚
747 2780 874 2822 hodie
907 2786 1042 2823 autem
1086 2797 1109 2823 e
1140 2781 1318 2824 manerio
1349 2783 1401 2824 de
1433 2783 1699 2827 Badbraham

308 2860 515 2895 exeuntes.
